%YAML 1.1
%TAG !u! tag:unity3d.com,2011:
--- !u!1001 &100100000
Prefab:
  m_ObjectHideFlags: 1
  serializedVersion: 2
  m_Modification:
    m_TransformParent: {fileID: 0}
    m_Modifications: []
    m_RemovedComponents: []
  m_ParentPrefab: {fileID: 0}
  m_RootGameObject: {fileID: 1618167842801480}
  m_IsPrefabParent: 1
--- !u!1 &1004746910193602
GameObject:
  m_ObjectHideFlags: 0
  m_PrefabParentObject: {fileID: 0}
  m_PrefabInternal: {fileID: 100100000}
  serializedVersion: 5
  m_Component:
  - component: {fileID: 4512935395018950}
  - component: {fileID: 137230242761767394}
  m_Layer: 11
  m_Name: polySurface4
  m_TagString: Untagged
  m_Icon: {fileID: 0}
  m_NavMeshLayer: 0
  m_StaticEditorFlags: 0
  m_IsActive: 1
--- !u!1 &1016973972019118
GameObject:
  m_ObjectHideFlags: 1
  m_PrefabParentObject: {fileID: 0}
  m_PrefabInternal: {fileID: 100100000}
  serializedVersion: 5
  m_Component:
  - component: {fileID: 4641269772448728}
  m_Layer: 11
  m_Name: right_ringMeta_BONE
  m_TagString: Untagged
  m_Icon: {fileID: 0}
  m_NavMeshLayer: 0
  m_StaticEditorFlags: 0
  m_IsActive: 1
--- !u!1 &1032109427588284
GameObject:
  m_ObjectHideFlags: 1
  m_PrefabParentObject: {fileID: 0}
  m_PrefabInternal: {fileID: 100100000}
  serializedVersion: 5
  m_Component:
  - component: {fileID: 4831014708434148}
  m_Layer: 11
  m_Name: right_pinky2_BONE
  m_TagString: Untagged
  m_Icon: {fileID: 0}
  m_NavMeshLayer: 0
  m_StaticEditorFlags: 0
  m_IsActive: 1
--- !u!1 &1060653191506418
GameObject:
  m_ObjectHideFlags: 0
  m_PrefabParentObject: {fileID: 0}
  m_PrefabInternal: {fileID: 100100000}
  serializedVersion: 5
  m_Component:
  - component: {fileID: 4038020927744444}
  m_Layer: 11
  m_Name: pelvis_BONE
  m_TagString: Untagged
  m_Icon: {fileID: 0}
  m_NavMeshLayer: 0
  m_StaticEditorFlags: 0
  m_IsActive: 1
--- !u!1 &1071736695305108
GameObject:
  m_ObjectHideFlags: 1
  m_PrefabParentObject: {fileID: 0}
  m_PrefabInternal: {fileID: 100100000}
  serializedVersion: 5
  m_Component:
  - component: {fileID: 4544269212768536}
  m_Layer: 11
  m_Name: left_thumb2_BONE
  m_TagString: Untagged
  m_Icon: {fileID: 0}
  m_NavMeshLayer: 0
  m_StaticEditorFlags: 0
  m_IsActive: 1
--- !u!1 &1095966772321820
GameObject:
  m_ObjectHideFlags: 1
  m_PrefabParentObject: {fileID: 0}
  m_PrefabInternal: {fileID: 100100000}
  serializedVersion: 5
  m_Component:
  - component: {fileID: 4246653858701662}
  m_Layer: 11
  m_Name: left_shoulderTwist01_BONE
  m_TagString: Untagged
  m_Icon: {fileID: 0}
  m_NavMeshLayer: 0
  m_StaticEditorFlags: 0
  m_IsActive: 1
--- !u!1 &1106017892818798
GameObject:
  m_ObjectHideFlags: 1
  m_PrefabParentObject: {fileID: 0}
  m_PrefabInternal: {fileID: 100100000}
  serializedVersion: 5
  m_Component:
  - component: {fileID: 4611523912767156}
  m_Layer: 11
  m_Name: left_clavicle_BONE
  m_TagString: Untagged
  m_Icon: {fileID: 0}
  m_NavMeshLayer: 0
  m_StaticEditorFlags: 0
  m_IsActive: 1
--- !u!1 &1106576777503612
GameObject:
  m_ObjectHideFlags: 1
  m_PrefabParentObject: {fileID: 0}
  m_PrefabInternal: {fileID: 100100000}
  serializedVersion: 5
  m_Component:
  - component: {fileID: 4510509838621056}
  m_Layer: 11
  m_Name: joint4
  m_TagString: Untagged
  m_Icon: {fileID: 0}
  m_NavMeshLayer: 0
  m_StaticEditorFlags: 0
  m_IsActive: 1
--- !u!1 &1108914524575976
GameObject:
  m_ObjectHideFlags: 1
  m_PrefabParentObject: {fileID: 0}
  m_PrefabInternal: {fileID: 100100000}
  serializedVersion: 5
  m_Component:
  - component: {fileID: 4690044061937404}
  m_Layer: 11
  m_Name: spine3_BONE
  m_TagString: Untagged
  m_Icon: {fileID: 0}
  m_NavMeshLayer: 0
  m_StaticEditorFlags: 0
  m_IsActive: 1
--- !u!1 &1113627314656772
GameObject:
  m_ObjectHideFlags: 1
  m_PrefabParentObject: {fileID: 0}
  m_PrefabInternal: {fileID: 100100000}
  serializedVersion: 5
  m_Component:
  - component: {fileID: 4437654264484700}
  m_Layer: 11
  m_Name: transform5
  m_TagString: Untagged
  m_Icon: {fileID: 0}
  m_NavMeshLayer: 0
  m_StaticEditorFlags: 0
  m_IsActive: 1
--- !u!1 &1151122113629072
GameObject:
  m_ObjectHideFlags: 1
  m_PrefabParentObject: {fileID: 0}
  m_PrefabInternal: {fileID: 100100000}
  serializedVersion: 5
  m_Component:
  - component: {fileID: 4146509381346256}
  m_Layer: 11
  m_Name: left_middle3_BONE
  m_TagString: Untagged
  m_Icon: {fileID: 0}
  m_NavMeshLayer: 0
  m_StaticEditorFlags: 0
  m_IsActive: 1
--- !u!1 &1168940431840442
GameObject:
  m_ObjectHideFlags: 1
  m_PrefabParentObject: {fileID: 0}
  m_PrefabInternal: {fileID: 100100000}
  serializedVersion: 5
  m_Component:
  - component: {fileID: 4670960210848516}
  m_Layer: 11
  m_Name: right_middleMeta_BONE
  m_TagString: Untagged
  m_Icon: {fileID: 0}
  m_NavMeshLayer: 0
  m_StaticEditorFlags: 0
  m_IsActive: 1
--- !u!1 &1170923075578902
GameObject:
  m_ObjectHideFlags: 1
  m_PrefabParentObject: {fileID: 0}
  m_PrefabInternal: {fileID: 100100000}
  serializedVersion: 5
  m_Component:
  - component: {fileID: 4734574862919586}
  m_Layer: 11
  m_Name: right_index1_BONE
  m_TagString: Untagged
  m_Icon: {fileID: 0}
  m_NavMeshLayer: 0
  m_StaticEditorFlags: 0
  m_IsActive: 1
--- !u!1 &1180242803919384
GameObject:
  m_ObjectHideFlags: 1
  m_PrefabParentObject: {fileID: 0}
  m_PrefabInternal: {fileID: 100100000}
  serializedVersion: 5
  m_Component:
  - component: {fileID: 4312132653548082}
  m_Layer: 11
  m_Name: left_pinky3_BONE
  m_TagString: Untagged
  m_Icon: {fileID: 0}
  m_NavMeshLayer: 0
  m_StaticEditorFlags: 0
  m_IsActive: 1
--- !u!1 &1189548740105500
GameObject:
  m_ObjectHideFlags: 1
  m_PrefabParentObject: {fileID: 0}
  m_PrefabInternal: {fileID: 100100000}
  serializedVersion: 5
  m_Component:
  - component: {fileID: 4128558809328526}
  m_Layer: 11
  m_Name: left_pinky1_BONE
  m_TagString: Untagged
  m_Icon: {fileID: 0}
  m_NavMeshLayer: 0
  m_StaticEditorFlags: 0
  m_IsActive: 1
--- !u!1 &1200980339997506
GameObject:
  m_ObjectHideFlags: 1
  m_PrefabParentObject: {fileID: 0}
  m_PrefabInternal: {fileID: 100100000}
  serializedVersion: 5
  m_Component:
  - component: {fileID: 4100953716071922}
  m_Layer: 11
  m_Name: right_middle1_BONE
  m_TagString: Untagged
  m_Icon: {fileID: 0}
  m_NavMeshLayer: 0
  m_StaticEditorFlags: 0
  m_IsActive: 1
--- !u!1 &1224912407790350
GameObject:
  m_ObjectHideFlags: 1
  m_PrefabParentObject: {fileID: 0}
  m_PrefabInternal: {fileID: 100100000}
  serializedVersion: 5
  m_Component:
  - component: {fileID: 4975438110918658}
  m_Layer: 11
  m_Name: left_shoulder_BONE
  m_TagString: Untagged
  m_Icon: {fileID: 0}
  m_NavMeshLayer: 0
  m_StaticEditorFlags: 0
  m_IsActive: 1
--- !u!1 &1233763290986582
GameObject:
  m_ObjectHideFlags: 1
  m_PrefabParentObject: {fileID: 0}
  m_PrefabInternal: {fileID: 100100000}
  serializedVersion: 5
  m_Component:
  - component: {fileID: 4968449946760412}
  m_Layer: 11
  m_Name: left_hand_BONE
  m_TagString: Untagged
  m_Icon: {fileID: 0}
  m_NavMeshLayer: 0
  m_StaticEditorFlags: 0
  m_IsActive: 1
--- !u!1 &1242507516958448
GameObject:
  m_ObjectHideFlags: 1
  m_PrefabParentObject: {fileID: 0}
  m_PrefabInternal: {fileID: 100100000}
  serializedVersion: 5
  m_Component:
  - component: {fileID: 4950701714058762}
  m_Layer: 11
  m_Name: right_indexMeta_BONE
  m_TagString: Untagged
  m_Icon: {fileID: 0}
  m_NavMeshLayer: 0
  m_StaticEditorFlags: 0
  m_IsActive: 1
--- !u!1 &1283021917831490
GameObject:
  m_ObjectHideFlags: 1
  m_PrefabParentObject: {fileID: 0}
  m_PrefabInternal: {fileID: 100100000}
  serializedVersion: 5
  m_Component:
  - component: {fileID: 4995093978927718}
  m_Layer: 11
  m_Name: right_clavicle_BONE
  m_TagString: Untagged
  m_Icon: {fileID: 0}
  m_NavMeshLayer: 0
  m_StaticEditorFlags: 0
  m_IsActive: 1
--- !u!1 &1288502226891370
GameObject:
  m_ObjectHideFlags: 1
  m_PrefabParentObject: {fileID: 0}
  m_PrefabInternal: {fileID: 100100000}
  serializedVersion: 5
  m_Component:
  - component: {fileID: 4966914013682034}
  m_Layer: 11
  m_Name: joint6
  m_TagString: Untagged
  m_Icon: {fileID: 0}
  m_NavMeshLayer: 0
  m_StaticEditorFlags: 0
  m_IsActive: 1
--- !u!1 &1316357907831916
GameObject:
  m_ObjectHideFlags: 1
  m_PrefabParentObject: {fileID: 0}
  m_PrefabInternal: {fileID: 100100000}
  serializedVersion: 5
  m_Component:
  - component: {fileID: 4532217699742724}
  m_Layer: 11
  m_Name: left_middle1_BONE
  m_TagString: Untagged
  m_Icon: {fileID: 0}
  m_NavMeshLayer: 0
  m_StaticEditorFlags: 0
  m_IsActive: 1
--- !u!1 &1368536655448458
GameObject:
  m_ObjectHideFlags: 1
  m_PrefabParentObject: {fileID: 0}
  m_PrefabInternal: {fileID: 100100000}
  serializedVersion: 5
  m_Component:
  - component: {fileID: 4897218857909142}
  m_Layer: 11
  m_Name: right_thumbMeta_BONE
  m_TagString: Untagged
  m_Icon: {fileID: 0}
  m_NavMeshLayer: 0
  m_StaticEditorFlags: 0
  m_IsActive: 1
--- !u!1 &1369212326933514
GameObject:
  m_ObjectHideFlags: 1
  m_PrefabParentObject: {fileID: 0}
  m_PrefabInternal: {fileID: 100100000}
  serializedVersion: 5
  m_Component:
  - component: {fileID: 4812688366627074}
  m_Layer: 11
  m_Name: right_ring2_BONE
  m_TagString: Untagged
  m_Icon: {fileID: 0}
  m_NavMeshLayer: 0
  m_StaticEditorFlags: 0
  m_IsActive: 1
--- !u!1 &1381570766775974
GameObject:
  m_ObjectHideFlags: 1
  m_PrefabParentObject: {fileID: 0}
  m_PrefabInternal: {fileID: 100100000}
  serializedVersion: 5
  m_Component:
  - component: {fileID: 4422614956287554}
  m_Layer: 11
  m_Name: right_thumb1_BONE
  m_TagString: Untagged
  m_Icon: {fileID: 0}
  m_NavMeshLayer: 0
  m_StaticEditorFlags: 0
  m_IsActive: 1
--- !u!1 &1413636122096254
GameObject:
  m_ObjectHideFlags: 1
  m_PrefabParentObject: {fileID: 0}
  m_PrefabInternal: {fileID: 100100000}
  serializedVersion: 5
  m_Component:
  - component: {fileID: 4944577708888864}
  m_Layer: 11
  m_Name: left_middleMeta_BONE
  m_TagString: Untagged
  m_Icon: {fileID: 0}
  m_NavMeshLayer: 0
  m_StaticEditorFlags: 0
  m_IsActive: 1
--- !u!1 &1422983089835812
GameObject:
  m_ObjectHideFlags: 1
  m_PrefabParentObject: {fileID: 0}
  m_PrefabInternal: {fileID: 100100000}
  serializedVersion: 5
  m_Component:
  - component: {fileID: 4136776398432494}
  m_Layer: 11
  m_Name: right_index3_BONE
  m_TagString: Untagged
  m_Icon: {fileID: 0}
  m_NavMeshLayer: 0
  m_StaticEditorFlags: 0
  m_IsActive: 1
--- !u!1 &1436704756353718
GameObject:
  m_ObjectHideFlags: 1
  m_PrefabParentObject: {fileID: 0}
  m_PrefabInternal: {fileID: 100100000}
  serializedVersion: 5
  m_Component:
  - component: {fileID: 4665846508860204}
  - component: {fileID: 65198737889190338}
  - component: {fileID: 114262640481923118}
  m_Layer: 11
  m_Name: Hand
  m_TagString: Untagged
  m_Icon: {fileID: 0}
  m_NavMeshLayer: 0
  m_StaticEditorFlags: 0
  m_IsActive: 1
--- !u!1 &1440839963400228
GameObject:
  m_ObjectHideFlags: 1
  m_PrefabParentObject: {fileID: 0}
  m_PrefabInternal: {fileID: 100100000}
  serializedVersion: 5
  m_Component:
  - component: {fileID: 4773481355486440}
  m_Layer: 11
  m_Name: left_pinkyMeta_BONE
  m_TagString: Untagged
  m_Icon: {fileID: 0}
  m_NavMeshLayer: 0
  m_StaticEditorFlags: 0
  m_IsActive: 1
--- !u!1 &1461457467545166
GameObject:
  m_ObjectHideFlags: 1
  m_PrefabParentObject: {fileID: 0}
  m_PrefabInternal: {fileID: 100100000}
  serializedVersion: 5
  m_Component:
  - component: {fileID: 4103885434619682}
  m_Layer: 11
  m_Name: joint5
  m_TagString: Untagged
  m_Icon: {fileID: 0}
  m_NavMeshLayer: 0
  m_StaticEditorFlags: 0
  m_IsActive: 1
--- !u!1 &1464971966293612
GameObject:
  m_ObjectHideFlags: 1
  m_PrefabParentObject: {fileID: 0}
  m_PrefabInternal: {fileID: 100100000}
  serializedVersion: 5
  m_Component:
  - component: {fileID: 4745030619768744}
  m_Layer: 11
  m_Name: left_elbow_BONE
  m_TagString: Untagged
  m_Icon: {fileID: 0}
  m_NavMeshLayer: 0
  m_StaticEditorFlags: 0
  m_IsActive: 1
--- !u!1 &1500515630740480
GameObject:
  m_ObjectHideFlags: 1
  m_PrefabParentObject: {fileID: 0}
  m_PrefabInternal: {fileID: 100100000}
  serializedVersion: 5
  m_Component:
  - component: {fileID: 4433340381373538}
  m_Layer: 11
  m_Name: spine2_BONE
  m_TagString: Untagged
  m_Icon: {fileID: 0}
  m_NavMeshLayer: 0
  m_StaticEditorFlags: 0
  m_IsActive: 1
--- !u!1 &1507394549925576
GameObject:
  m_ObjectHideFlags: 1
  m_PrefabParentObject: {fileID: 0}
  m_PrefabInternal: {fileID: 100100000}
  serializedVersion: 5
  m_Component:
  - component: {fileID: 4390604356285370}
  m_Layer: 11
  m_Name: left_index2_BONE
  m_TagString: Untagged
  m_Icon: {fileID: 0}
  m_NavMeshLayer: 0
  m_StaticEditorFlags: 0
  m_IsActive: 1
--- !u!1 &1508210166493968
GameObject:
  m_ObjectHideFlags: 1
  m_PrefabParentObject: {fileID: 0}
  m_PrefabInternal: {fileID: 100100000}
  serializedVersion: 5
  m_Component:
  - component: {fileID: 4255876457262074}
  m_Layer: 11
  m_Name: joint2
  m_TagString: Untagged
  m_Icon: {fileID: 0}
  m_NavMeshLayer: 0
  m_StaticEditorFlags: 0
  m_IsActive: 1
--- !u!1 &1508225097185816
GameObject:
  m_ObjectHideFlags: 1
  m_PrefabParentObject: {fileID: 0}
  m_PrefabInternal: {fileID: 100100000}
  serializedVersion: 5
  m_Component:
  - component: {fileID: 4677450088561436}
  m_Layer: 11
  m_Name: transform2
  m_TagString: Untagged
  m_Icon: {fileID: 0}
  m_NavMeshLayer: 0
  m_StaticEditorFlags: 0
  m_IsActive: 1
--- !u!1 &1527050956469808
GameObject:
  m_ObjectHideFlags: 1
  m_PrefabParentObject: {fileID: 0}
  m_PrefabInternal: {fileID: 100100000}
  serializedVersion: 5
  m_Component:
  - component: {fileID: 4220468641788020}
  m_Layer: 11
  m_Name: jaw_BONE
  m_TagString: Untagged
  m_Icon: {fileID: 0}
  m_NavMeshLayer: 0
  m_StaticEditorFlags: 0
  m_IsActive: 1
--- !u!1 &1539533517855846
GameObject:
  m_ObjectHideFlags: 1
  m_PrefabParentObject: {fileID: 0}
  m_PrefabInternal: {fileID: 100100000}
  serializedVersion: 5
  m_Component:
  - component: {fileID: 4753392256951778}
  m_Layer: 11
  m_Name: left_index1_BONE
  m_TagString: Untagged
  m_Icon: {fileID: 0}
  m_NavMeshLayer: 0
  m_StaticEditorFlags: 0
  m_IsActive: 1
--- !u!1 &1543364903118502
GameObject:
  m_ObjectHideFlags: 1
  m_PrefabParentObject: {fileID: 0}
  m_PrefabInternal: {fileID: 100100000}
  serializedVersion: 5
  m_Component:
  - component: {fileID: 4856656787397354}
  m_Layer: 11
  m_Name: left_thumb1_BONE
  m_TagString: Untagged
  m_Icon: {fileID: 0}
  m_NavMeshLayer: 0
  m_StaticEditorFlags: 0
  m_IsActive: 1
--- !u!1 &1582117564832900
GameObject:
  m_ObjectHideFlags: 1
  m_PrefabParentObject: {fileID: 0}
  m_PrefabInternal: {fileID: 100100000}
  serializedVersion: 5
  m_Component:
  - component: {fileID: 4491896399605552}
  m_Layer: 11
  m_Name: left_ring2_BONE
  m_TagString: Untagged
  m_Icon: {fileID: 0}
  m_NavMeshLayer: 0
  m_StaticEditorFlags: 0
  m_IsActive: 1
--- !u!1 &1593704794378174
GameObject:
  m_ObjectHideFlags: 1
  m_PrefabParentObject: {fileID: 0}
  m_PrefabInternal: {fileID: 100100000}
  serializedVersion: 5
  m_Component:
  - component: {fileID: 4404840649222792}
  m_Layer: 11
  m_Name: right_pinky1_BONE
  m_TagString: Untagged
  m_Icon: {fileID: 0}
  m_NavMeshLayer: 0
  m_StaticEditorFlags: 0
  m_IsActive: 1
--- !u!1 &1606326196699022
GameObject:
  m_ObjectHideFlags: 1
  m_PrefabParentObject: {fileID: 0}
  m_PrefabInternal: {fileID: 100100000}
  serializedVersion: 5
  m_Component:
  - component: {fileID: 4993808177054234}
  m_Layer: 11
  m_Name: right_elbow_BONE
  m_TagString: Untagged
  m_Icon: {fileID: 0}
  m_NavMeshLayer: 0
  m_StaticEditorFlags: 0
  m_IsActive: 1
--- !u!1 &1618167842801480
GameObject:
  m_ObjectHideFlags: 0
  m_PrefabParentObject: {fileID: 0}
  m_PrefabInternal: {fileID: 100100000}
  serializedVersion: 5
  m_Component:
  - component: {fileID: 4650609083532206}
  - component: {fileID: 95658218177378308}
  - component: {fileID: 195991007162667716}
  - component: {fileID: 114491541270954260}
  - component: {fileID: 65970610679091400}
  m_Layer: 11
  m_Name: BigZombie
  m_TagString: Zombie
  m_Icon: {fileID: 0}
  m_NavMeshLayer: 0
  m_StaticEditorFlags: 0
  m_IsActive: 1
--- !u!1 &1618411597842192
GameObject:
  m_ObjectHideFlags: 1
  m_PrefabParentObject: {fileID: 0}
  m_PrefabInternal: {fileID: 100100000}
  serializedVersion: 5
  m_Component:
  - component: {fileID: 4491997357017166}
  m_Layer: 11
  m_Name: joint9
  m_TagString: Untagged
  m_Icon: {fileID: 0}
  m_NavMeshLayer: 0
  m_StaticEditorFlags: 0
  m_IsActive: 1
--- !u!1 &1625456457630102
GameObject:
  m_ObjectHideFlags: 1
  m_PrefabParentObject: {fileID: 0}
  m_PrefabInternal: {fileID: 100100000}
  serializedVersion: 5
  m_Component:
  - component: {fileID: 4137054031638254}
  m_Layer: 11
  m_Name: transform4
  m_TagString: Untagged
  m_Icon: {fileID: 0}
  m_NavMeshLayer: 0
  m_StaticEditorFlags: 0
  m_IsActive: 1
--- !u!1 &1632009262744136
GameObject:
  m_ObjectHideFlags: 1
  m_PrefabParentObject: {fileID: 0}
  m_PrefabInternal: {fileID: 100100000}
  serializedVersion: 5
  m_Component:
  - component: {fileID: 4720074766595484}
  m_Layer: 11
  m_Name: joint7
  m_TagString: Untagged
  m_Icon: {fileID: 0}
  m_NavMeshLayer: 0
  m_StaticEditorFlags: 0
  m_IsActive: 1
--- !u!1 &1638519315746056
GameObject:
  m_ObjectHideFlags: 1
  m_PrefabParentObject: {fileID: 0}
  m_PrefabInternal: {fileID: 100100000}
  serializedVersion: 5
  m_Component:
  - component: {fileID: 4919457824489534}
  m_Layer: 11
  m_Name: left_hip_BONE
  m_TagString: Untagged
  m_Icon: {fileID: 0}
  m_NavMeshLayer: 0
  m_StaticEditorFlags: 0
  m_IsActive: 1
--- !u!1 &1653316399077200
GameObject:
  m_ObjectHideFlags: 1
  m_PrefabParentObject: {fileID: 0}
  m_PrefabInternal: {fileID: 100100000}
  serializedVersion: 5
  m_Component:
  - component: {fileID: 4124178487819602}
  m_Layer: 11
  m_Name: left_ringMeta_BONE
  m_TagString: Untagged
  m_Icon: {fileID: 0}
  m_NavMeshLayer: 0
  m_StaticEditorFlags: 0
  m_IsActive: 1
--- !u!1 &1681223843548520
GameObject:
  m_ObjectHideFlags: 1
  m_PrefabParentObject: {fileID: 0}
  m_PrefabInternal: {fileID: 100100000}
  serializedVersion: 5
  m_Component:
  - component: {fileID: 4629793052389500}
  m_Layer: 11
  m_Name: left_pinky2_BONE
  m_TagString: Untagged
  m_Icon: {fileID: 0}
  m_NavMeshLayer: 0
  m_StaticEditorFlags: 0
  m_IsActive: 1
--- !u!1 &1722690592184638
GameObject:
  m_ObjectHideFlags: 1
  m_PrefabParentObject: {fileID: 0}
  m_PrefabInternal: {fileID: 100100000}
  serializedVersion: 5
  m_Component:
  - component: {fileID: 4541715529990368}
  m_Layer: 11
  m_Name: left_shoulderTwist02_BONE
  m_TagString: Untagged
  m_Icon: {fileID: 0}
  m_NavMeshLayer: 0
  m_StaticEditorFlags: 0
  m_IsActive: 1
--- !u!1 &1759370620496690
GameObject:
  m_ObjectHideFlags: 1
  m_PrefabParentObject: {fileID: 0}
  m_PrefabInternal: {fileID: 100100000}
  serializedVersion: 5
  m_Component:
  - component: {fileID: 4378198655448138}
  m_Layer: 11
  m_Name: left_thumbMeta_BONE
  m_TagString: Untagged
  m_Icon: {fileID: 0}
  m_NavMeshLayer: 0
  m_StaticEditorFlags: 0
  m_IsActive: 1
--- !u!1 &1768198109565128
GameObject:
  m_ObjectHideFlags: 1
  m_PrefabParentObject: {fileID: 0}
  m_PrefabInternal: {fileID: 100100000}
  serializedVersion: 5
  m_Component:
  - component: {fileID: 4681480788762778}
  m_Layer: 11
  m_Name: right_hand_BONE
  m_TagString: Untagged
  m_Icon: {fileID: 0}
  m_NavMeshLayer: 0
  m_StaticEditorFlags: 0
  m_IsActive: 1
--- !u!1 &1825162411928374
GameObject:
  m_ObjectHideFlags: 1
  m_PrefabParentObject: {fileID: 0}
  m_PrefabInternal: {fileID: 100100000}
  serializedVersion: 5
  m_Component:
  - component: {fileID: 4755053652612838}
  m_Layer: 11
  m_Name: neck1_BONE
  m_TagString: Untagged
  m_Icon: {fileID: 0}
  m_NavMeshLayer: 0
  m_StaticEditorFlags: 0
  m_IsActive: 1
--- !u!1 &1831221391404500
GameObject:
  m_ObjectHideFlags: 1
  m_PrefabParentObject: {fileID: 0}
  m_PrefabInternal: {fileID: 100100000}
  serializedVersion: 5
  m_Component:
  - component: {fileID: 4871485252850818}
  m_Layer: 11
  m_Name: right_ring1_BONE
  m_TagString: Untagged
  m_Icon: {fileID: 0}
  m_NavMeshLayer: 0
  m_StaticEditorFlags: 0
  m_IsActive: 1
--- !u!1 &1832317205951290
GameObject:
  m_ObjectHideFlags: 1
  m_PrefabParentObject: {fileID: 0}
  m_PrefabInternal: {fileID: 100100000}
  serializedVersion: 5
  m_Component:
  - component: {fileID: 4021210202873862}
  m_Layer: 11
  m_Name: left_middle2_BONE
  m_TagString: Untagged
  m_Icon: {fileID: 0}
  m_NavMeshLayer: 0
  m_StaticEditorFlags: 0
  m_IsActive: 1
--- !u!1 &1841583101088666
GameObject:
  m_ObjectHideFlags: 1
  m_PrefabParentObject: {fileID: 0}
  m_PrefabInternal: {fileID: 100100000}
  serializedVersion: 5
  m_Component:
  - component: {fileID: 4682418276093716}
  m_Layer: 11
  m_Name: right_middle2_BONE
  m_TagString: Untagged
  m_Icon: {fileID: 0}
  m_NavMeshLayer: 0
  m_StaticEditorFlags: 0
  m_IsActive: 1
--- !u!1 &1847589542583548
GameObject:
  m_ObjectHideFlags: 1
  m_PrefabParentObject: {fileID: 0}
  m_PrefabInternal: {fileID: 100100000}
  serializedVersion: 5
  m_Component:
  - component: {fileID: 4456801903184452}
  m_Layer: 11
  m_Name: right_ring3_BONE
  m_TagString: Untagged
  m_Icon: {fileID: 0}
  m_NavMeshLayer: 0
  m_StaticEditorFlags: 0
  m_IsActive: 1
--- !u!1 &1849499952641866
GameObject:
  m_ObjectHideFlags: 1
  m_PrefabParentObject: {fileID: 0}
  m_PrefabInternal: {fileID: 100100000}
  serializedVersion: 5
  m_Component:
  - component: {fileID: 4056300685962938}
  m_Layer: 11
  m_Name: joint3
  m_TagString: Untagged
  m_Icon: {fileID: 0}
  m_NavMeshLayer: 0
  m_StaticEditorFlags: 0
  m_IsActive: 1
--- !u!1 &1850454878447064
GameObject:
  m_ObjectHideFlags: 1
  m_PrefabParentObject: {fileID: 0}
  m_PrefabInternal: {fileID: 100100000}
  serializedVersion: 5
  m_Component:
  - component: {fileID: 4961663435760240}
  m_Layer: 11
  m_Name: neck2_BONE
  m_TagString: Untagged
  m_Icon: {fileID: 0}
  m_NavMeshLayer: 0
  m_StaticEditorFlags: 0
  m_IsActive: 1
--- !u!1 &1861740489085590
GameObject:
  m_ObjectHideFlags: 1
  m_PrefabParentObject: {fileID: 0}
  m_PrefabInternal: {fileID: 100100000}
  serializedVersion: 5
  m_Component:
  - component: {fileID: 4261232284254816}
  m_Layer: 11
  m_Name: right_pinkyMeta_BONE
  m_TagString: Untagged
  m_Icon: {fileID: 0}
  m_NavMeshLayer: 0
  m_StaticEditorFlags: 0
  m_IsActive: 1
--- !u!1 &1871954383290898
GameObject:
  m_ObjectHideFlags: 1
  m_PrefabParentObject: {fileID: 0}
  m_PrefabInternal: {fileID: 100100000}
  serializedVersion: 5
  m_Component:
  - component: {fileID: 4022574915780078}
  m_Layer: 11
  m_Name: right_index2_BONE
  m_TagString: Untagged
  m_Icon: {fileID: 0}
  m_NavMeshLayer: 0
  m_StaticEditorFlags: 0
  m_IsActive: 1
--- !u!1 &1887671776440310
GameObject:
  m_ObjectHideFlags: 1
  m_PrefabParentObject: {fileID: 0}
  m_PrefabInternal: {fileID: 100100000}
  serializedVersion: 5
  m_Component:
  - component: {fileID: 4464595707886000}
  m_Layer: 11
  m_Name: left_indexMeta_BONE
  m_TagString: Untagged
  m_Icon: {fileID: 0}
  m_NavMeshLayer: 0
  m_StaticEditorFlags: 0
  m_IsActive: 1
--- !u!1 &1893134035804010
GameObject:
  m_ObjectHideFlags: 1
  m_PrefabParentObject: {fileID: 0}
  m_PrefabInternal: {fileID: 100100000}
  serializedVersion: 5
  m_Component:
  - component: {fileID: 4481646632180062}
  m_Layer: 11
  m_Name: left_ring1_BONE
  m_TagString: Untagged
  m_Icon: {fileID: 0}
  m_NavMeshLayer: 0
  m_StaticEditorFlags: 0
  m_IsActive: 1
--- !u!1 &1894752515601858
GameObject:
  m_ObjectHideFlags: 1
  m_PrefabParentObject: {fileID: 0}
  m_PrefabInternal: {fileID: 100100000}
  serializedVersion: 5
  m_Component:
  - component: {fileID: 4925599660760664}
  m_Layer: 11
  m_Name: right_thumb2_BONE
  m_TagString: Untagged
  m_Icon: {fileID: 0}
  m_NavMeshLayer: 0
  m_StaticEditorFlags: 0
  m_IsActive: 1
--- !u!1 &1898432031121766
GameObject:
  m_ObjectHideFlags: 1
  m_PrefabParentObject: {fileID: 0}
  m_PrefabInternal: {fileID: 100100000}
  serializedVersion: 5
  m_Component:
  - component: {fileID: 4831789444230564}
  m_Layer: 11
  m_Name: neck3_BONE
  m_TagString: Untagged
  m_Icon: {fileID: 0}
  m_NavMeshLayer: 0
  m_StaticEditorFlags: 0
  m_IsActive: 1
--- !u!1 &1899646453709394
GameObject:
  m_ObjectHideFlags: 1
  m_PrefabParentObject: {fileID: 0}
  m_PrefabInternal: {fileID: 100100000}
  serializedVersion: 5
  m_Component:
  - component: {fileID: 4124873560512736}
  m_Layer: 11
  m_Name: joint1
  m_TagString: Untagged
  m_Icon: {fileID: 0}
  m_NavMeshLayer: 0
  m_StaticEditorFlags: 0
  m_IsActive: 1
--- !u!1 &1902736727372516
GameObject:
  m_ObjectHideFlags: 1
  m_PrefabParentObject: {fileID: 0}
  m_PrefabInternal: {fileID: 100100000}
  serializedVersion: 5
  m_Component:
  - component: {fileID: 4505763553182280}
  m_Layer: 11
  m_Name: right_shoulderTwist01_BONE
  m_TagString: Untagged
  m_Icon: {fileID: 0}
  m_NavMeshLayer: 0
  m_StaticEditorFlags: 0
  m_IsActive: 1
--- !u!1 &1905771933556696
GameObject:
  m_ObjectHideFlags: 1
  m_PrefabParentObject: {fileID: 0}
  m_PrefabInternal: {fileID: 100100000}
  serializedVersion: 5
  m_Component:
  - component: {fileID: 4438425706141850}
  m_Layer: 11
  m_Name: right_shoulderTwist02_BONE
  m_TagString: Untagged
  m_Icon: {fileID: 0}
  m_NavMeshLayer: 0
  m_StaticEditorFlags: 0
  m_IsActive: 1
--- !u!1 &1925644438794776
GameObject:
  m_ObjectHideFlags: 1
  m_PrefabParentObject: {fileID: 0}
  m_PrefabInternal: {fileID: 100100000}
  serializedVersion: 5
  m_Component:
  - component: {fileID: 4117729495833924}
  m_Layer: 11
  m_Name: right_shoulder_BONE
  m_TagString: Untagged
  m_Icon: {fileID: 0}
  m_NavMeshLayer: 0
  m_StaticEditorFlags: 0
  m_IsActive: 1
--- !u!1 &1931982892760576
GameObject:
  m_ObjectHideFlags: 1
  m_PrefabParentObject: {fileID: 0}
  m_PrefabInternal: {fileID: 100100000}
  serializedVersion: 5
  m_Component:
  - component: {fileID: 4039415329245346}
  m_Layer: 11
  m_Name: joint8
  m_TagString: Untagged
  m_Icon: {fileID: 0}
  m_NavMeshLayer: 0
  m_StaticEditorFlags: 0
  m_IsActive: 1
--- !u!1 &1947886294778660
GameObject:
  m_ObjectHideFlags: 1
  m_PrefabParentObject: {fileID: 0}
  m_PrefabInternal: {fileID: 100100000}
  serializedVersion: 5
  m_Component:
  - component: {fileID: 4986337781560714}
  m_Layer: 11
  m_Name: right_middle3_BONE
  m_TagString: Untagged
  m_Icon: {fileID: 0}
  m_NavMeshLayer: 0
  m_StaticEditorFlags: 0
  m_IsActive: 1
--- !u!1 &1953066474823408
GameObject:
  m_ObjectHideFlags: 1
  m_PrefabParentObject: {fileID: 0}
  m_PrefabInternal: {fileID: 100100000}
  serializedVersion: 5
  m_Component:
  - component: {fileID: 4567885139533772}
  m_Layer: 11
  m_Name: left_index3_BONE
  m_TagString: Untagged
  m_Icon: {fileID: 0}
  m_NavMeshLayer: 0
  m_StaticEditorFlags: 0
  m_IsActive: 1
--- !u!1 &1965348140978722
GameObject:
  m_ObjectHideFlags: 1
  m_PrefabParentObject: {fileID: 0}
  m_PrefabInternal: {fileID: 100100000}
  serializedVersion: 5
  m_Component:
  - component: {fileID: 4846049730434418}
  m_Layer: 11
  m_Name: transform1
  m_TagString: Untagged
  m_Icon: {fileID: 0}
  m_NavMeshLayer: 0
  m_StaticEditorFlags: 0
  m_IsActive: 1
--- !u!4 &4021210202873862
Transform:
  m_ObjectHideFlags: 1
  m_PrefabParentObject: {fileID: 0}
  m_PrefabInternal: {fileID: 100100000}
  m_GameObject: {fileID: 1832317205951290}
  m_LocalRotation: {x: -0.000000008586789, y: -0.25799903, z: -0.000000017716326,
    w: 0.9661452}
  m_LocalPosition: {x: -0.10027809, y: -0.00000032424927, z: -0.00000045776366}
  m_LocalScale: {x: 1.0000001, y: 1, z: 1.0000001}
  m_Children:
  - {fileID: 4146509381346256}
  m_Father: {fileID: 4532217699742724}
  m_RootOrder: 0
  m_LocalEulerAnglesHint: {x: 0, y: 0, z: 0}
--- !u!4 &4022574915780078
Transform:
  m_ObjectHideFlags: 1
  m_PrefabParentObject: {fileID: 0}
  m_PrefabInternal: {fileID: 100100000}
  m_GameObject: {fileID: 1871954383290898}
  m_LocalRotation: {x: -0.0000005391933, y: -0.22936054, z: -0.00000011174752, w: 0.9733415}
  m_LocalPosition: {x: 0.08081161, y: -0.00000019073485, z: 0.00000030517577}
  m_LocalScale: {x: 0.9999996, y: 1.0000001, z: 0.9999995}
  m_Children:
  - {fileID: 4136776398432494}
  m_Father: {fileID: 4734574862919586}
  m_RootOrder: 0
  m_LocalEulerAnglesHint: {x: 0, y: 0, z: 0}
--- !u!4 &4038020927744444
Transform:
  m_ObjectHideFlags: 1
  m_PrefabParentObject: {fileID: 0}
  m_PrefabInternal: {fileID: 100100000}
  m_GameObject: {fileID: 1060653191506418}
  m_LocalRotation: {x: -0.5, y: 0.5, z: 0.5, w: 0.5}
  m_LocalPosition: {x: -0.037535354, y: 2.3025067, z: -0.017697018}
  m_LocalScale: {x: 2.54, y: 2.54, z: 2.54}
  m_Children:
  - {fileID: 4919457824489534}
  - {fileID: 4433340381373538}
  - {fileID: 4677450088561436}
  m_Father: {fileID: 4650609083532206}
  m_RootOrder: 0
  m_LocalEulerAnglesHint: {x: 0, y: 0, z: 0}
--- !u!4 &4039415329245346
Transform:
  m_ObjectHideFlags: 1
  m_PrefabParentObject: {fileID: 0}
  m_PrefabInternal: {fileID: 100100000}
  m_GameObject: {fileID: 1931982892760576}
  m_LocalRotation: {x: 0.7071068, y: 0.7071068, z: -8.7157646e-33, w: -8.659561e-17}
  m_LocalPosition: {x: -0.05200892, y: -6.6276497e-17, z: -0.33532387}
  m_LocalScale: {x: 1, y: 1, z: 1}
  m_Children: []
  m_Father: {fileID: 4720074766595484}
  m_RootOrder: 0
  m_LocalEulerAnglesHint: {x: 0, y: 0, z: 0}
--- !u!4 &4056300685962938
Transform:
  m_ObjectHideFlags: 1
  m_PrefabParentObject: {fileID: 0}
  m_PrefabInternal: {fileID: 100100000}
  m_GameObject: {fileID: 1849499952641866}
  m_LocalRotation: {x: 0.001726443, y: -0.0004626253, z: -0.2580239, w: 0.9661369}
  m_LocalPosition: {x: -0.2200816, y: 1.7763568e-17, z: 7.71197e-17}
  m_LocalScale: {x: 1, y: 1, z: 1}
  m_Children:
  - {fileID: 4510509838621056}
  m_Father: {fileID: 4255876457262074}
  m_RootOrder: 0
  m_LocalEulerAnglesHint: {x: 0, y: 0, z: 0}
--- !u!4 &4100953716071922
Transform:
  m_ObjectHideFlags: 1
  m_PrefabParentObject: {fileID: 0}
  m_PrefabInternal: {fileID: 100100000}
  m_GameObject: {fileID: 1200980339997506}
  m_LocalRotation: {x: 0.054254126, y: -0.31165922, z: 0.010801664, w: 0.9485823}
  m_LocalPosition: {x: 0.11072872, y: -0.000000038146972, z: -0.0059136963}
  m_LocalScale: {x: 1.0000002, y: 0.99999934, z: 1.0000001}
  m_Children:
  - {fileID: 4682418276093716}
  m_Father: {fileID: 4670960210848516}
  m_RootOrder: 0
  m_LocalEulerAnglesHint: {x: 0, y: 0, z: 0}
--- !u!4 &4103885434619682
Transform:
  m_ObjectHideFlags: 1
  m_PrefabParentObject: {fileID: 0}
  m_PrefabInternal: {fileID: 100100000}
  m_GameObject: {fileID: 1461457467545166}
  m_LocalRotation: {x: 0.85419244, y: 0.41945666, z: -0.28326648, w: 0.11904391}
  m_LocalPosition: {x: 0.15683423, y: -0.91133404, z: -0.16933611}
  m_LocalScale: {x: 1, y: 1, z: 1}
  m_Children:
  - {fileID: 4966914013682034}
  m_Father: {fileID: 4491997357017166}
  m_RootOrder: 0
  m_LocalEulerAnglesHint: {x: 0, y: 0, z: 0}
--- !u!4 &4117729495833924
Transform:
  m_ObjectHideFlags: 1
  m_PrefabParentObject: {fileID: 0}
  m_PrefabInternal: {fileID: 100100000}
  m_GameObject: {fileID: 1925644438794776}
  m_LocalRotation: {x: 0.32798028, y: -0.070095874, z: 0.1213696, w: 0.9342296}
  m_LocalPosition: {x: 0.33447838, y: 0.001153698, z: -0.0003578186}
  m_LocalScale: {x: 1, y: 0.99999905, z: 1.0000001}
  m_Children:
  - {fileID: 4993808177054234}
  - {fileID: 4505763553182280}
  - {fileID: 4438425706141850}
  m_Father: {fileID: 4995093978927718}
  m_RootOrder: 0
  m_LocalEulerAnglesHint: {x: 0, y: 0, z: 0}
--- !u!4 &4124178487819602
Transform:
  m_ObjectHideFlags: 1
  m_PrefabParentObject: {fileID: 0}
  m_PrefabInternal: {fileID: 100100000}
  m_GameObject: {fileID: 1653316399077200}
  m_LocalRotation: {x: 0.058520455, y: -0.04128207, z: -0.03369887, w: 0.9968629}
  m_LocalPosition: {x: -0.09499561, y: 0.008041801, z: -0.003973999}
  m_LocalScale: {x: 1.0000007, y: 0.9999996, z: 0.9999998}
  m_Children:
  - {fileID: 4481646632180062}
  m_Father: {fileID: 4968449946760412}
  m_RootOrder: 3
  m_LocalEulerAnglesHint: {x: 0, y: 0, z: 0}
--- !u!4 &4124873560512736
Transform:
  m_ObjectHideFlags: 1
  m_PrefabParentObject: {fileID: 0}
  m_PrefabInternal: {fileID: 100100000}
  m_GameObject: {fileID: 1899646453709394}
  m_LocalRotation: {x: 0.24388519, y: -0.1426081, z: 0.8623841, w: 0.42009127}
  m_LocalPosition: {x: -0.51566553, y: 1.347105, z: -0.16832198}
  m_LocalScale: {x: 1, y: 1, z: 1}
  m_Children:
  - {fileID: 4255876457262074}
  m_Father: {fileID: 4846049730434418}
  m_RootOrder: 0
  m_LocalEulerAnglesHint: {x: 0, y: 0, z: 0}
--- !u!4 &4128558809328526
Transform:
  m_ObjectHideFlags: 1
  m_PrefabParentObject: {fileID: 0}
  m_PrefabInternal: {fileID: 100100000}
  m_GameObject: {fileID: 1189548740105500}
  m_LocalRotation: {x: 0.0119098015, y: -0.19356024, z: -0.13357382, w: 0.97187996}
  m_LocalPosition: {x: -0.086448975, y: -0.0077836225, z: -0.004826355}
  m_LocalScale: {x: 1.0000002, y: 1.0000007, z: 0.99999964}
  m_Children:
  - {fileID: 4629793052389500}
  m_Father: {fileID: 4773481355486440}
  m_RootOrder: 0
  m_LocalEulerAnglesHint: {x: 0, y: 0, z: 0}
--- !u!4 &4136776398432494
Transform:
  m_ObjectHideFlags: 1
  m_PrefabParentObject: {fileID: 0}
  m_PrefabInternal: {fileID: 100100000}
  m_GameObject: {fileID: 1422983089835812}
  m_LocalRotation: {x: -0.0000000035312848, y: -0.21505961, z: -0.000000016035814,
    w: 0.97660094}
  m_LocalPosition: {x: 0.056381837, y: -0.0000002670288, z: 0.00000030517577}
  m_LocalScale: {x: 1.0000004, y: 1, z: 1.0000004}
  m_Children: []
  m_Father: {fileID: 4022574915780078}
  m_RootOrder: 0
  m_LocalEulerAnglesHint: {x: 0, y: 0, z: 0}
--- !u!4 &4137054031638254
Transform:
  m_ObjectHideFlags: 1
  m_PrefabParentObject: {fileID: 0}
  m_PrefabInternal: {fileID: 100100000}
  m_GameObject: {fileID: 1625456457630102}
  m_LocalRotation: {x: 0, y: 0.00000052154064, z: -0, w: 1}
  m_LocalPosition: {x: -0.40088534, y: 0.00000028610228, z: -0.00000045776366}
  m_LocalScale: {x: 1, y: 1, z: 0.99999994}
  m_Children:
  - {fileID: 4968449946760412}
  m_Father: {fileID: 4745030619768744}
  m_RootOrder: 0
  m_LocalEulerAnglesHint: {x: 0, y: 0, z: 0}
--- !u!4 &4146509381346256
Transform:
  m_ObjectHideFlags: 1
  m_PrefabParentObject: {fileID: 0}
  m_PrefabInternal: {fileID: 100100000}
  m_GameObject: {fileID: 1151122113629072}
  m_LocalRotation: {x: -0.00000050720575, y: -0.09766338, z: -0.000000057259737, w: 0.9952195}
  m_LocalPosition: {x: -0.06344711, y: 0, z: 0}
  m_LocalScale: {x: 1.0000004, y: 1, z: 1.0000002}
  m_Children: []
  m_Father: {fileID: 4021210202873862}
  m_RootOrder: 0
  m_LocalEulerAnglesHint: {x: 0, y: 0, z: 0}
--- !u!4 &4220468641788020
Transform:
  m_ObjectHideFlags: 1
  m_PrefabParentObject: {fileID: 0}
  m_PrefabInternal: {fileID: 100100000}
  m_GameObject: {fileID: 1527050956469808}
  m_LocalRotation: {x: -0.45114914, y: 0.5511674, z: 0.52840614, w: 0.4620238}
  m_LocalPosition: {x: 0.017007904, y: -0.0001040107, z: 0.018756036}
  m_LocalScale: {x: 1.0000002, y: 1.0000002, z: 1.0000004}
  m_Children: []
  m_Father: {fileID: 4831789444230564}
  m_RootOrder: 0
  m_LocalEulerAnglesHint: {x: 0, y: 0, z: 0}
--- !u!4 &4246653858701662
Transform:
  m_ObjectHideFlags: 1
  m_PrefabParentObject: {fileID: 0}
  m_PrefabInternal: {fileID: 100100000}
  m_GameObject: {fileID: 1095966772321820}
  m_LocalRotation: {x: 0.0000004991889, y: 0.0000009834766, z: -0.000000007451072,
    w: 1}
  m_LocalPosition: {x: 0.000000076293944, y: -0.00000015258789, z: -0.00000015258789}
  m_LocalScale: {x: 1, y: 1, z: 1}
  m_Children: []
  m_Father: {fileID: 4975438110918658}
  m_RootOrder: 1
  m_LocalEulerAnglesHint: {x: 0, y: 0, z: 0}
--- !u!4 &4255876457262074
Transform:
  m_ObjectHideFlags: 1
  m_PrefabParentObject: {fileID: 0}
  m_PrefabInternal: {fileID: 100100000}
  m_GameObject: {fileID: 1508210166493968}
  m_LocalRotation: {x: 0.25612825, y: 0.24552803, z: -0.5813306, w: 0.73223567}
  m_LocalPosition: {x: -1.0194511, y: -2.2166439e-17, z: -0.06997244}
  m_LocalScale: {x: 1, y: 1, z: 1}
  m_Children:
  - {fileID: 4056300685962938}
  m_Father: {fileID: 4124873560512736}
  m_RootOrder: 0
  m_LocalEulerAnglesHint: {x: 0, y: 0, z: 0}
--- !u!4 &4261232284254816
Transform:
  m_ObjectHideFlags: 1
  m_PrefabParentObject: {fileID: 0}
  m_PrefabInternal: {fileID: 100100000}
  m_GameObject: {fileID: 1861740489085590}
  m_LocalRotation: {x: 0.05469013, y: -0.06207138, z: -0.040658433, w: 0.99574244}
  m_LocalPosition: {x: 0.12645786, y: -0.051426105, z: 0.0019676208}
  m_LocalScale: {x: 0.9999999, y: 1.0000004, z: 1.0000008}
  m_Children:
  - {fileID: 4404840649222792}
  m_Father: {fileID: 4681480788762778}
  m_RootOrder: 2
  m_LocalEulerAnglesHint: {x: 0, y: 0, z: 0}
--- !u!4 &4312132653548082
Transform:
  m_ObjectHideFlags: 1
  m_PrefabParentObject: {fileID: 0}
  m_PrefabInternal: {fileID: 100100000}
  m_GameObject: {fileID: 1180242803919384}
  m_LocalRotation: {x: 0.00000054469746, y: -0.06583028, z: 0.000000050869083, w: 0.99783087}
  m_LocalPosition: {x: -0.036192704, y: -0.0000009918213, z: 0.0000020599364}
  m_LocalScale: {x: 1.0000002, y: 1, z: 1.0000002}
  m_Children: []
  m_Father: {fileID: 4629793052389500}
  m_RootOrder: 0
  m_LocalEulerAnglesHint: {x: 0, y: 0, z: 0}
--- !u!4 &4378198655448138
Transform:
  m_ObjectHideFlags: 1
  m_PrefabParentObject: {fileID: 0}
  m_PrefabInternal: {fileID: 100100000}
  m_GameObject: {fileID: 1759370620496690}
  m_LocalRotation: {x: 0.6051986, y: -0.08028517, z: 0.48380905, w: 0.6270708}
  m_LocalPosition: {x: -0.07464783, y: -0.04527149, z: -0.033254392}
  m_LocalScale: {x: 1, y: 1.0000005, z: 0.99999994}
  m_Children:
  - {fileID: 4856656787397354}
  m_Father: {fileID: 4968449946760412}
  m_RootOrder: 4
  m_LocalEulerAnglesHint: {x: 0, y: 0, z: 0}
--- !u!4 &4390604356285370
Transform:
  m_ObjectHideFlags: 1
  m_PrefabParentObject: {fileID: 0}
  m_PrefabInternal: {fileID: 100100000}
  m_GameObject: {fileID: 1507394549925576}
  m_LocalRotation: {x: 0.00000042125114, y: -0.2293603, z: -0.00000042125092, w: 0.9733416}
  m_LocalPosition: {x: -0.08081146, y: -0.00000034332274, z: 0.000000076293944}
  m_LocalScale: {x: 1.0000004, y: 1, z: 1.0000004}
  m_Children:
  - {fileID: 4567885139533772}
  m_Father: {fileID: 4753392256951778}
  m_RootOrder: 0
  m_LocalEulerAnglesHint: {x: 0, y: 0, z: 0}
--- !u!4 &4404840649222792
Transform:
  m_ObjectHideFlags: 1
  m_PrefabParentObject: {fileID: 0}
  m_PrefabInternal: {fileID: 100100000}
  m_GameObject: {fileID: 1593704794378174}
  m_LocalRotation: {x: 0.011909949, y: -0.19355984, z: -0.13357335, w: 0.9718801}
  m_LocalPosition: {x: 0.08644916, y: 0.007783203, z: 0.0048265075}
  m_LocalScale: {x: 0.9999994, y: 1.0000004, z: 0.99999976}
  m_Children:
  - {fileID: 4831014708434148}
  m_Father: {fileID: 4261232284254816}
  m_RootOrder: 0
  m_LocalEulerAnglesHint: {x: 0, y: 0, z: 0}
--- !u!4 &4422614956287554
Transform:
  m_ObjectHideFlags: 1
  m_PrefabParentObject: {fileID: 0}
  m_PrefabInternal: {fileID: 100100000}
  m_GameObject: {fileID: 1381570766775974}
  m_LocalRotation: {x: -0.009216582, y: -0.075505905, z: -0.12081442, w: 0.98975646}
  m_LocalPosition: {x: 0.07491119, y: 0.0022480774, z: -0.000000038146972}
  m_LocalScale: {x: 1.0000006, y: 0.9999989, z: 1.0000002}
  m_Children:
  - {fileID: 4925599660760664}
  m_Father: {fileID: 4897218857909142}
  m_RootOrder: 0
  m_LocalEulerAnglesHint: {x: 0, y: 0, z: 0}
--- !u!4 &4433340381373538
Transform:
  m_ObjectHideFlags: 1
  m_PrefabParentObject: {fileID: 0}
  m_PrefabInternal: {fileID: 100100000}
  m_GameObject: {fileID: 1500515630740480}
  m_LocalRotation: {x: 0.81566983, y: 0.0067669745, z: -0.57847714, w: 0.001073534}
  m_LocalPosition: {x: 0.05949248, y: 0.00000010578473, z: 0.2847583}
  m_LocalScale: {x: 1, y: 1, z: 1}
  m_Children:
  - {fileID: 4690044061937404}
  m_Father: {fileID: 4038020927744444}
  m_RootOrder: 1
  m_LocalEulerAnglesHint: {x: 0, y: 0, z: 0}
--- !u!4 &4437654264484700
Transform:
  m_ObjectHideFlags: 1
  m_PrefabParentObject: {fileID: 0}
  m_PrefabInternal: {fileID: 100100000}
  m_GameObject: {fileID: 1113627314656772}
  m_LocalRotation: {x: 0.000000014901159, y: 0.0000010281797, z: -1.532107e-14, w: 1}
  m_LocalPosition: {x: 0.40088552, y: -0.00000034332274, z: 0.00000015258789}
  m_LocalScale: {x: 1.0000002, y: 1.0000001, z: 1.0000001}
  m_Children:
  - {fileID: 4681480788762778}
  m_Father: {fileID: 4993808177054234}
  m_RootOrder: 0
  m_LocalEulerAnglesHint: {x: 0, y: 0, z: 0}
--- !u!4 &4438425706141850
Transform:
  m_ObjectHideFlags: 1
  m_PrefabParentObject: {fileID: 0}
  m_PrefabInternal: {fileID: 100100000}
  m_GameObject: {fileID: 1905771933556696}
  m_LocalRotation: {x: -0.000000007450351, y: -0.0000004470349, z: 0.0000005140901,
    w: 1}
  m_LocalPosition: {x: 0.1398082, y: 0.0000002670288, z: 0.00000045776366}
  m_LocalScale: {x: 0.99999994, y: 1, z: 1}
  m_Children: []
  m_Father: {fileID: 4117729495833924}
  m_RootOrder: 2
  m_LocalEulerAnglesHint: {x: 0, y: 0, z: 0}
--- !u!4 &4456801903184452
Transform:
  m_ObjectHideFlags: 1
  m_PrefabParentObject: {fileID: 0}
  m_PrefabInternal: {fileID: 100100000}
  m_GameObject: {fileID: 1847589542583548}
  m_LocalRotation: {x: 0.000000030969712, y: -0.14265911, z: 0.000000015755123, w: 0.9897719}
  m_LocalPosition: {x: 0.055896148, y: -0.00000034332274, z: 0.000000076293944}
  m_LocalScale: {x: 1.0000004, y: 1, z: 1.0000002}
  m_Children: []
  m_Father: {fileID: 4812688366627074}
  m_RootOrder: 0
  m_LocalEulerAnglesHint: {x: 0, y: 0, z: 0}
--- !u!4 &4464595707886000
Transform:
  m_ObjectHideFlags: 1
  m_PrefabParentObject: {fileID: 0}
  m_PrefabInternal: {fileID: 100100000}
  m_GameObject: {fileID: 1887671776440310}
  m_LocalRotation: {x: 0.04991537, y: -0.040632725, z: 0.13133648, w: 0.9892463}
  m_LocalPosition: {x: -0.120202176, y: -0.045652866, z: -0.01382904}
  m_LocalScale: {x: 1.0000007, y: 0.99999976, z: 1.0000001}
  m_Children:
  - {fileID: 4753392256951778}
  m_Father: {fileID: 4968449946760412}
  m_RootOrder: 0
  m_LocalEulerAnglesHint: {x: 0, y: 0, z: 0}
--- !u!4 &4481646632180062
Transform:
  m_ObjectHideFlags: 1
  m_PrefabParentObject: {fileID: 0}
  m_PrefabInternal: {fileID: 100100000}
  m_GameObject: {fileID: 1893134035804010}
  m_LocalRotation: {x: -0.008556692, y: -0.27315626, z: -0.05721219, w: 0.9602288}
  m_LocalPosition: {x: -0.12651566, y: -0.00817173, z: 0.011862335}
  m_LocalScale: {x: 1.0000001, y: 1, z: 0.9999988}
  m_Children:
  - {fileID: 4491896399605552}
  m_Father: {fileID: 4124178487819602}
  m_RootOrder: 0
  m_LocalEulerAnglesHint: {x: 0, y: 0, z: 0}
--- !u!4 &4491896399605552
Transform:
  m_ObjectHideFlags: 1
  m_PrefabParentObject: {fileID: 0}
  m_PrefabInternal: {fileID: 100100000}
  m_GameObject: {fileID: 1582117564832900}
  m_LocalRotation: {x: 0.0000011048818, y: -0.23917744, z: 0.00000026448876, w: 0.9709759}
  m_LocalPosition: {x: -0.087409206, y: -0.0000004959106, z: -0.00000022888183}
  m_LocalScale: {x: 0.9999999, y: 1, z: 0.99999976}
  m_Children: []
  m_Father: {fileID: 4481646632180062}
  m_RootOrder: 0
  m_LocalEulerAnglesHint: {x: 0, y: 0, z: 0}
--- !u!4 &4491997357017166
Transform:
  m_ObjectHideFlags: 1
  m_PrefabParentObject: {fileID: 0}
  m_PrefabInternal: {fileID: 100100000}
  m_GameObject: {fileID: 1618411597842192}
  m_LocalRotation: {x: 0.03540131, y: 0.87406033, z: -0.25125012, w: -0.41429296}
  m_LocalPosition: {x: 0.29777125, y: 2.2653291, z: 0}
  m_LocalScale: {x: 1, y: 1, z: 1}
  m_Children:
  - {fileID: 4103885434619682}
  m_Father: {fileID: 4677450088561436}
  m_RootOrder: 0
  m_LocalEulerAnglesHint: {x: 0, y: 0, z: 0}
--- !u!4 &4505763553182280
Transform:
  m_ObjectHideFlags: 1
  m_PrefabParentObject: {fileID: 0}
  m_PrefabInternal: {fileID: 100100000}
  m_GameObject: {fileID: 1902736727372516}
  m_LocalRotation: {x: -0.000000007450351, y: -0.0000004470349, z: 0.0000005140901,
    w: 1}
  m_LocalPosition: {x: -0.00000015258789, y: 0.00000030517577, z: 0.00000061035155}
  m_LocalScale: {x: 0.99999994, y: 1, z: 1}
  m_Children: []
  m_Father: {fileID: 4117729495833924}
  m_RootOrder: 1
  m_LocalEulerAnglesHint: {x: 0, y: 0, z: 0}
--- !u!4 &4510509838621056
Transform:
  m_ObjectHideFlags: 1
  m_PrefabParentObject: {fileID: 0}
  m_PrefabInternal: {fileID: 100100000}
  m_GameObject: {fileID: 1106576777503612}
  m_LocalRotation: {x: -0.057283107, y: -0.7047827, z: -0.057283107, w: 0.7047827}
  m_LocalPosition: {x: -0.34556457, y: -8.881784e-18, z: -2.916615e-17}
  m_LocalScale: {x: 1, y: 1, z: 1}
  m_Children: []
  m_Father: {fileID: 4056300685962938}
  m_RootOrder: 0
  m_LocalEulerAnglesHint: {x: 0, y: 0, z: 0}
--- !u!4 &4512935395018950
Transform:
  m_ObjectHideFlags: 1
  m_PrefabParentObject: {fileID: 0}
  m_PrefabInternal: {fileID: 100100000}
  m_GameObject: {fileID: 1004746910193602}
  m_LocalRotation: {x: 0, y: -0, z: -0, w: 1}
  m_LocalPosition: {x: -0, y: 0, z: 0}
  m_LocalScale: {x: 1, y: 1, z: 1}
  m_Children: []
  m_Father: {fileID: 4650609083532206}
  m_RootOrder: 1
  m_LocalEulerAnglesHint: {x: 0, y: 0, z: 0}
--- !u!4 &4532217699742724
Transform:
  m_ObjectHideFlags: 1
  m_PrefabParentObject: {fileID: 0}
  m_PrefabInternal: {fileID: 100100000}
  m_GameObject: {fileID: 1316357907831916}
  m_LocalRotation: {x: 0.054253288, y: -0.3116592, z: 0.010800916, w: 0.9485824}
  m_LocalPosition: {x: -0.11072918, y: 0.00000043869017, z: 0.0059146117}
  m_LocalScale: {x: 1.0000004, y: 1.0000002, z: 1}
  m_Children:
  - {fileID: 4021210202873862}
  m_Father: {fileID: 4944577708888864}
  m_RootOrder: 0
  m_LocalEulerAnglesHint: {x: 0, y: 0, z: 0}
--- !u!4 &4541715529990368
Transform:
  m_ObjectHideFlags: 1
  m_PrefabParentObject: {fileID: 0}
  m_PrefabInternal: {fileID: 100100000}
  m_GameObject: {fileID: 1722690592184638}
  m_LocalRotation: {x: 2.344791e-13, y: -0.00000047683716, z: 0.0000004917383, w: 1}
  m_LocalPosition: {x: -0.14675999, y: -0.00000015258789, z: -0.00000030517577}
  m_LocalScale: {x: 0.99999994, y: 1, z: 1}
  m_Children: []
  m_Father: {fileID: 4975438110918658}
  m_RootOrder: 2
  m_LocalEulerAnglesHint: {x: 0, y: 0, z: 0}
--- !u!4 &4544269212768536
Transform:
  m_ObjectHideFlags: 1
  m_PrefabParentObject: {fileID: 0}
  m_PrefabInternal: {fileID: 100100000}
  m_GameObject: {fileID: 1071736695305108}
  m_LocalRotation: {x: 0.000000015697264, y: -0.18258314, z: 0.0000000029150566, w: 0.9831904}
  m_LocalPosition: {x: -0.08687583, y: 0, z: 0}
  m_LocalScale: {x: 1.0000002, y: 1.0000001, z: 1.0000005}
  m_Children: []
  m_Father: {fileID: 4856656787397354}
  m_RootOrder: 0
  m_LocalEulerAnglesHint: {x: 0, y: 0, z: 0}
--- !u!4 &4567885139533772
Transform:
  m_ObjectHideFlags: 1
  m_PrefabParentObject: {fileID: 0}
  m_PrefabInternal: {fileID: 100100000}
  m_GameObject: {fileID: 1953066474823408}
  m_LocalRotation: {x: -0.000000017038055, y: -0.21505919, z: -0.0000000037519827,
    w: 0.976601}
  m_LocalPosition: {x: -0.05638237, y: -0.00000045776366, z: 0.000000076293944}
  m_LocalScale: {x: 0.99999994, y: 1, z: 1}
  m_Children: []
  m_Father: {fileID: 4390604356285370}
  m_RootOrder: 0
  m_LocalEulerAnglesHint: {x: 0, y: 0, z: 0}
--- !u!4 &4611523912767156
Transform:
  m_ObjectHideFlags: 1
  m_PrefabParentObject: {fileID: 0}
  m_PrefabInternal: {fileID: 100100000}
  m_GameObject: {fileID: 1106017892818798}
  m_LocalRotation: {x: 0.302167, y: 0.7593814, z: -0.36505547, w: -0.44583574}
  m_LocalPosition: {x: 0.051177062, y: -0.092166714, z: 0.04988397}
  m_LocalScale: {x: 0.9999994, y: 0.9999995, z: 0.9999999}
  m_Children:
  - {fileID: 4975438110918658}
  m_Father: {fileID: 4690044061937404}
  m_RootOrder: 0
  m_LocalEulerAnglesHint: {x: 0, y: 0, z: 0}
--- !u!4 &4629793052389500
Transform:
  m_ObjectHideFlags: 1
  m_PrefabParentObject: {fileID: 0}
  m_PrefabInternal: {fileID: 100100000}
  m_GameObject: {fileID: 1681223843548520}
  m_LocalRotation: {x: 0.00000064412814, y: -0.32594, z: 0.00000023389595, w: 0.94539046}
  m_LocalPosition: {x: -0.055985563, y: -0.000000114440915, z: 0.00000015258789}
  m_LocalScale: {x: 0.9999999, y: 1, z: 0.9999999}
  m_Children:
  - {fileID: 4312132653548082}
  m_Father: {fileID: 4128558809328526}
  m_RootOrder: 0
  m_LocalEulerAnglesHint: {x: 0, y: 0, z: 0}
--- !u!4 &4641269772448728
Transform:
  m_ObjectHideFlags: 1
  m_PrefabParentObject: {fileID: 0}
  m_PrefabInternal: {fileID: 100100000}
  m_GameObject: {fileID: 1016973972019118}
  m_LocalRotation: {x: 0.058694564, y: -0.0413458, z: -0.03370042, w: 0.99684995}
  m_LocalPosition: {x: 0.09496898, y: -0.008108177, z: 0.003925018}
  m_LocalScale: {x: 0.9999994, y: 0.9999996, z: 1.0000001}
  m_Children:
  - {fileID: 4871485252850818}
  m_Father: {fileID: 4681480788762778}
  m_RootOrder: 3
  m_LocalEulerAnglesHint: {x: 0, y: 0, z: 0}
--- !u!4 &4650609083532206
Transform:
  m_ObjectHideFlags: 1
  m_PrefabParentObject: {fileID: 0}
  m_PrefabInternal: {fileID: 100100000}
  m_GameObject: {fileID: 1618167842801480}
  m_LocalRotation: {x: 0, y: 0, z: 0, w: 1}
  m_LocalPosition: {x: -84.15595, y: 0.53270185, z: -75.68769}
  m_LocalScale: {x: 1, y: 1, z: 1}
  m_Children:
  - {fileID: 4038020927744444}
  - {fileID: 4512935395018950}
  m_Father: {fileID: 0}
  m_RootOrder: 0
  m_LocalEulerAnglesHint: {x: 0, y: 0, z: 0}
--- !u!4 &4665846508860204
Transform:
  m_ObjectHideFlags: 1
  m_PrefabParentObject: {fileID: 0}
  m_PrefabInternal: {fileID: 100100000}
  m_GameObject: {fileID: 1436704756353718}
  m_LocalRotation: {x: -0.42908975, y: -0.16734353, z: 0.5604278, w: -0.6883305}
  m_LocalPosition: {x: -0.045, y: 0.001, z: -0.054}
  m_LocalScale: {x: 0.35312414, y: 0.5817014, z: 0.28976586}
  m_Children: []
  m_Father: {fileID: 4968449946760412}
  m_RootOrder: 5
  m_LocalEulerAnglesHint: {x: -231.103, y: 156.481, z: 90.328995}
--- !u!4 &4670960210848516
Transform:
  m_ObjectHideFlags: 1
  m_PrefabParentObject: {fileID: 0}
  m_PrefabInternal: {fileID: 100100000}
  m_GameObject: {fileID: 1168940431840442}
  m_LocalRotation: {x: 0.017493697, y: -0.03136288, z: 0.038966402, w: 0.998595}
  m_LocalPosition: {x: 0.11760475, y: 0.021364365, z: -0.0014855957}
  m_LocalScale: {x: 1, y: 0.9999999, z: 1.0000004}
  m_Children:
  - {fileID: 4100953716071922}
  m_Father: {fileID: 4681480788762778}
  m_RootOrder: 1
  m_LocalEulerAnglesHint: {x: 0, y: 0, z: 0}
--- !u!4 &4677450088561436
Transform:
  m_ObjectHideFlags: 1
  m_PrefabParentObject: {fileID: 0}
  m_PrefabInternal: {fileID: 100100000}
  m_GameObject: {fileID: 1508225097185816}
  m_LocalRotation: {x: 0.5, y: -0.5, z: -0.5, w: 0.5}
  m_LocalPosition: {x: -0.00696733, y: -0.014777699, z: -1.0179892}
  m_LocalScale: {x: 0.39370078, y: 0.39370078, z: 0.39370078}
  m_Children:
  - {fileID: 4491997357017166}
  m_Father: {fileID: 4038020927744444}
  m_RootOrder: 2
  m_LocalEulerAnglesHint: {x: 0, y: 0, z: 0}
--- !u!4 &4681480788762778
Transform:
  m_ObjectHideFlags: 1
  m_PrefabParentObject: {fileID: 0}
  m_PrefabInternal: {fileID: 100100000}
  m_GameObject: {fileID: 1768198109565128}
  m_LocalRotation: {x: -0.00000048428774, y: -0.0000009834768, z: 0.000000014900686,
    w: 1}
  m_LocalPosition: {x: 0.000000038146972, y: 0.0000001335144, z: 0.0000010681152}
  m_LocalScale: {x: 0.99999994, y: 1, z: 1}
  m_Children:
  - {fileID: 4950701714058762}
  - {fileID: 4670960210848516}
  - {fileID: 4261232284254816}
  - {fileID: 4641269772448728}
  - {fileID: 4897218857909142}
  m_Father: {fileID: 4437654264484700}
  m_RootOrder: 0
  m_LocalEulerAnglesHint: {x: 0, y: 0, z: 0}
--- !u!4 &4682418276093716
Transform:
  m_ObjectHideFlags: 1
  m_PrefabParentObject: {fileID: 0}
  m_PrefabInternal: {fileID: 100100000}
  m_GameObject: {fileID: 1841583101088666}
  m_LocalRotation: {x: 0.0000001421994, y: -0.25799903, z: 0.00000054694226, w: 0.9661452}
  m_LocalPosition: {x: 0.10027771, y: -0.0000001335144, z: 0.00000030517577}
  m_LocalScale: {x: 1, y: 1, z: 1}
  m_Children:
  - {fileID: 4986337781560714}
  m_Father: {fileID: 4100953716071922}
  m_RootOrder: 0
  m_LocalEulerAnglesHint: {x: 0, y: 0, z: 0}
--- !u!4 &4690044061937404
Transform:
  m_ObjectHideFlags: 1
  m_PrefabParentObject: {fileID: 0}
  m_PrefabInternal: {fileID: 100100000}
  m_GameObject: {fileID: 1108914524575976}
  m_LocalRotation: {x: 0.012546876, y: 0.060849257, z: 0.035696562, w: 0.99742955}
  m_LocalPosition: {x: -0.3971298, y: 0.00000014960182, z: -0.04940738}
  m_LocalScale: {x: 1.0000004, y: 1, z: 0.99999934}
  m_Children:
  - {fileID: 4611523912767156}
  - {fileID: 4755053652612838}
  - {fileID: 4995093978927718}
  m_Father: {fileID: 4433340381373538}
  m_RootOrder: 0
  m_LocalEulerAnglesHint: {x: 0, y: 0, z: 0}
--- !u!4 &4720074766595484
Transform:
  m_ObjectHideFlags: 1
  m_PrefabParentObject: {fileID: 0}
  m_PrefabInternal: {fileID: 100100000}
  m_GameObject: {fileID: 1632009262744136}
  m_LocalRotation: {x: 0.0000000011419355, y: 1.7537565e-24, z: 0.0000000073625492,
    w: 1}
  m_LocalPosition: {x: -0.14334902, y: -8.7190825e-17, z: -0.17344338}
  m_LocalScale: {x: 1, y: 1, z: 1}
  m_Children:
  - {fileID: 4039415329245346}
  m_Father: {fileID: 4966914013682034}
  m_RootOrder: 0
  m_LocalEulerAnglesHint: {x: 0, y: 0, z: 0}
--- !u!4 &4734574862919586
Transform:
  m_ObjectHideFlags: 1
  m_PrefabParentObject: {fileID: 0}
  m_PrefabInternal: {fileID: 100100000}
  m_GameObject: {fileID: 1170923075578902}
  m_LocalRotation: {x: 0.031732015, y: -0.27682877, z: 0.04303786, w: 0.95943046}
  m_LocalPosition: {x: 0.094847925, y: 0.00008232117, z: 0.00032783506}
  m_LocalScale: {x: 0.9999999, y: 0.99999934, z: 0.99999994}
  m_Children:
  - {fileID: 4022574915780078}
  m_Father: {fileID: 4950701714058762}
  m_RootOrder: 0
  m_LocalEulerAnglesHint: {x: 0, y: 0, z: 0}
--- !u!4 &4745030619768744
Transform:
  m_ObjectHideFlags: 1
  m_PrefabParentObject: {fileID: 0}
  m_PrefabInternal: {fileID: 100100000}
  m_GameObject: {fileID: 1464971966293612}
  m_LocalRotation: {x: -0.00000022278007, y: -0.00000065340026, z: 0.461514, w: 0.88713294}
  m_LocalPosition: {x: -0.34468955, y: -0.007985534, z: -0.00000061035155}
  m_LocalScale: {x: 1.0000007, y: 0.9999999, z: 1}
  m_Children:
  - {fileID: 4137054031638254}
  m_Father: {fileID: 4975438110918658}
  m_RootOrder: 0
  m_LocalEulerAnglesHint: {x: 0, y: 0, z: 0}
--- !u!4 &4753392256951778
Transform:
  m_ObjectHideFlags: 1
  m_PrefabParentObject: {fileID: 0}
  m_PrefabInternal: {fileID: 100100000}
  m_GameObject: {fileID: 1539533517855846}
  m_LocalRotation: {x: 0.031731818, y: -0.27682877, z: 0.043037307, w: 0.95943046}
  m_LocalPosition: {x: -0.09484795, y: -0.00008293152, z: -0.0003274536}
  m_LocalScale: {x: 0.9999999, y: 1.0000005, z: 1.0000005}
  m_Children:
  - {fileID: 4390604356285370}
  m_Father: {fileID: 4464595707886000}
  m_RootOrder: 0
  m_LocalEulerAnglesHint: {x: 0, y: 0, z: 0}
--- !u!4 &4755053652612838
Transform:
  m_ObjectHideFlags: 1
  m_PrefabParentObject: {fileID: 0}
  m_PrefabInternal: {fileID: 100100000}
  m_GameObject: {fileID: 1825162411928374}
  m_LocalRotation: {x: 0.02640319, y: 0.10099664, z: 0.03642273, w: 0.9938692}
  m_LocalPosition: {x: -0.078735046, y: 0.00000011840569, z: 0.034405574}
  m_LocalScale: {x: 1.0000004, y: 1, z: 1.0000004}
  m_Children:
  - {fileID: 4961663435760240}
  m_Father: {fileID: 4690044061937404}
  m_RootOrder: 1
  m_LocalEulerAnglesHint: {x: 0, y: 0, z: 0}
--- !u!4 &4773481355486440
Transform:
  m_ObjectHideFlags: 1
  m_PrefabParentObject: {fileID: 0}
  m_PrefabInternal: {fileID: 100100000}
  m_GameObject: {fileID: 1440839963400228}
  m_LocalRotation: {x: 0.05451663, y: -0.062008426, z: -0.040652532, w: 0.99575615}
  m_LocalPosition: {x: -0.12648441, y: 0.05136049, z: -0.0020269775}
  m_LocalScale: {x: 1.0000005, y: 0.99999934, z: 1.0000002}
  m_Children:
  - {fileID: 4128558809328526}
  m_Father: {fileID: 4968449946760412}
  m_RootOrder: 2
  m_LocalEulerAnglesHint: {x: 0, y: 0, z: 0}
--- !u!4 &4812688366627074
Transform:
  m_ObjectHideFlags: 1
  m_PrefabParentObject: {fileID: 0}
  m_PrefabInternal: {fileID: 100100000}
  m_GameObject: {fileID: 1369212326933514}
  m_LocalRotation: {x: -0.000000033651965, y: -0.23917791, z: -0.000000019799334,
    w: 0.97097576}
  m_LocalPosition: {x: 0.0874089, y: 0.00000034332274, z: 0.00000045776366}
  m_LocalScale: {x: 1.0000002, y: 1, z: 1.0000002}
  m_Children:
  - {fileID: 4456801903184452}
  m_Father: {fileID: 4871485252850818}
  m_RootOrder: 0
  m_LocalEulerAnglesHint: {x: 0, y: 0, z: 0}
--- !u!4 &4831014708434148
Transform:
  m_ObjectHideFlags: 1
  m_PrefabParentObject: {fileID: 0}
  m_PrefabInternal: {fileID: 100100000}
  m_GameObject: {fileID: 1032109427588284}
  m_LocalRotation: {x: -0.000000023054456, y: -0.32593971, z: -0.000000004007947,
    w: 0.9453906}
  m_LocalPosition: {x: 0.055985563, y: -0.000000038146972, z: 0}
  m_LocalScale: {x: 1.0000006, y: 0.99999905, z: 0.9999999}
  m_Children: []
  m_Father: {fileID: 4404840649222792}
  m_RootOrder: 0
  m_LocalEulerAnglesHint: {x: 0, y: 0, z: 0}
--- !u!4 &4831789444230564
Transform:
  m_ObjectHideFlags: 1
  m_PrefabParentObject: {fileID: 0}
  m_PrefabInternal: {fileID: 100100000}
  m_GameObject: {fileID: 1898432031121766}
  m_LocalRotation: {x: 2.2642356e-14, y: -1.7763568e-15, z: 4.0220904e-29, w: 1}
  m_LocalPosition: {x: -0.062386777, y: -0.00000011980534, z: 0.04616819}
  m_LocalScale: {x: 1, y: 1, z: 1}
  m_Children:
  - {fileID: 4220468641788020}
  m_Father: {fileID: 4961663435760240}
  m_RootOrder: 0
  m_LocalEulerAnglesHint: {x: 0, y: 0, z: 0}
--- !u!4 &4846049730434418
Transform:
  m_ObjectHideFlags: 1
  m_PrefabParentObject: {fileID: 0}
  m_PrefabInternal: {fileID: 100100000}
  m_GameObject: {fileID: 1965348140978722}
  m_LocalRotation: {x: -0.4988383, y: 0.536112, z: 0.49449253, w: -0.46821085}
  m_LocalPosition: {x: -0.02873371, y: -0.14079246, z: -0.9079763}
  m_LocalScale: {x: 0.39370075, y: 0.3937007, z: 0.3937006}
  m_Children:
  - {fileID: 4124873560512736}
  m_Father: {fileID: 4919457824489534}
  m_RootOrder: 0
  m_LocalEulerAnglesHint: {x: 0, y: 0, z: 0}
--- !u!4 &4856656787397354
Transform:
  m_ObjectHideFlags: 1
  m_PrefabParentObject: {fileID: 0}
  m_PrefabInternal: {fileID: 100100000}
  m_GameObject: {fileID: 1543364903118502}
  m_LocalRotation: {x: -0.009216698, y: -0.075506955, z: -0.12081453, w: 0.98975635}
  m_LocalPosition: {x: -0.07491157, y: -0.0022479247, z: -0.000000076293944}
  m_LocalScale: {x: 1, y: 1.0000004, z: 1.0000006}
  m_Children:
  - {fileID: 4544269212768536}
  m_Father: {fileID: 4378198655448138}
  m_RootOrder: 0
  m_LocalEulerAnglesHint: {x: 0, y: 0, z: 0}
--- !u!4 &4871485252850818
Transform:
  m_ObjectHideFlags: 1
  m_PrefabParentObject: {fileID: 0}
  m_PrefabInternal: {fileID: 100100000}
  m_GameObject: {fileID: 1831221391404500}
  m_LocalRotation: {x: -0.008557786, y: -0.27315617, z: -0.057212535, w: 0.96022874}
  m_LocalPosition: {x: 0.12651588, y: 0.008171406, z: -0.011862029}
  m_LocalScale: {x: 1.0000002, y: 1.0000001, z: 1.0000004}
  m_Children:
  - {fileID: 4812688366627074}
  m_Father: {fileID: 4641269772448728}
  m_RootOrder: 0
  m_LocalEulerAnglesHint: {x: 0, y: 0, z: 0}
--- !u!4 &4897218857909142
Transform:
  m_ObjectHideFlags: 1
  m_PrefabParentObject: {fileID: 0}
  m_PrefabInternal: {fileID: 100100000}
  m_GameObject: {fileID: 1368536655448458}
  m_LocalRotation: {x: 0.6052717, y: -0.08041242, z: 0.4838382, w: 0.62696147}
  m_LocalPosition: {x: 0.0746167, y: 0.04519489, z: 0.033221435}
  m_LocalScale: {x: 1, y: 1.0000005, z: 0.99999976}
  m_Children:
  - {fileID: 4422614956287554}
  m_Father: {fileID: 4681480788762778}
  m_RootOrder: 4
  m_LocalEulerAnglesHint: {x: 0, y: 0, z: 0}
--- !u!4 &4919457824489534
Transform:
  m_ObjectHideFlags: 1
  m_PrefabParentObject: {fileID: 0}
  m_PrefabInternal: {fileID: 100100000}
  m_GameObject: {fileID: 1638519315746056}
  m_LocalRotation: {x: 0.1256316, y: 0.18432051, z: 0.36875576, w: 0.9023646}
  m_LocalPosition: {x: 0.078590445, y: 0.11967313, z: -0.11263153}
  m_LocalScale: {x: 1.0000005, y: 1.0000001, z: 1.0000002}
  m_Children:
  - {fileID: 4846049730434418}
  m_Father: {fileID: 4038020927744444}
  m_RootOrder: 0
  m_LocalEulerAnglesHint: {x: 0, y: 0, z: 0}
--- !u!4 &4925599660760664
Transform:
  m_ObjectHideFlags: 1
  m_PrefabParentObject: {fileID: 0}
  m_PrefabInternal: {fileID: 100100000}
  m_GameObject: {fileID: 1894752515601858}
  m_LocalRotation: {x: -0.0000007731943, y: -0.18258423, z: -0.0000011438781, w: 0.98319024}
  m_LocalPosition: {x: 0.086876296, y: -0.00000030517577, z: 0.00000022888183}
  m_LocalScale: {x: 1, y: 0.99999994, z: 1.0000001}
  m_Children: []
  m_Father: {fileID: 4422614956287554}
  m_RootOrder: 0
  m_LocalEulerAnglesHint: {x: 0, y: 0, z: 0}
--- !u!4 &4944577708888864
Transform:
  m_ObjectHideFlags: 1
  m_PrefabParentObject: {fileID: 0}
  m_PrefabInternal: {fileID: 100100000}
  m_GameObject: {fileID: 1413636122096254}
  m_LocalRotation: {x: 0.017324472, y: -0.03128564, z: 0.038969573, w: 0.99860024}
  m_LocalPosition: {x: -0.11763073, y: -0.021428814, z: 0.0014500427}
  m_LocalScale: {x: 0.99999994, y: 0.9999995, z: 1}
  m_Children:
  - {fileID: 4532217699742724}
  m_Father: {fileID: 4968449946760412}
  m_RootOrder: 1
  m_LocalEulerAnglesHint: {x: 0, y: 0, z: 0}
--- !u!4 &4950701714058762
Transform:
  m_ObjectHideFlags: 1
  m_PrefabParentObject: {fileID: 0}
  m_PrefabInternal: {fileID: 100100000}
  m_GameObject: {fileID: 1242507516958448}
  m_LocalRotation: {x: 0.050075054, y: -0.04072434, z: 0.13133407, w: 0.98923475}
  m_LocalPosition: {x: 0.12017353, y: 0.04558323, z: 0.013801727}
  m_LocalScale: {x: 1.0000001, y: 1.0000005, z: 1}
  m_Children:
  - {fileID: 4734574862919586}
  m_Father: {fileID: 4681480788762778}
  m_RootOrder: 0
  m_LocalEulerAnglesHint: {x: 0, y: 0, z: 0}
--- !u!4 &4961663435760240
Transform:
  m_ObjectHideFlags: 1
  m_PrefabParentObject: {fileID: 0}
  m_PrefabInternal: {fileID: 100100000}
  m_GameObject: {fileID: 1850454878447064}
  m_LocalRotation: {x: 0.0000005, y: -1.7763568e-15, z: 8.881784e-22, w: 1}
  m_LocalPosition: {x: -0.060929105, y: -0.00000028908252, z: 0.06233085}
  m_LocalScale: {x: 1, y: 1, z: 1}
  m_Children:
  - {fileID: 4831789444230564}
  m_Father: {fileID: 4755053652612838}
  m_RootOrder: 0
  m_LocalEulerAnglesHint: {x: 0, y: 0, z: 0}
--- !u!4 &4966914013682034
Transform:
  m_ObjectHideFlags: 1
  m_PrefabParentObject: {fileID: 0}
  m_PrefabInternal: {fileID: 100100000}
  m_GameObject: {fileID: 1288502226891370}
  m_LocalRotation: {x: 0.7473682, y: -0.07530771, z: -0.14525384, w: 0.6439494}
  m_LocalPosition: {x: -1.0210966, y: 0.00035663485, z: 0.063595906}
  m_LocalScale: {x: 1, y: 1, z: 1}
  m_Children:
  - {fileID: 4720074766595484}
  m_Father: {fileID: 4103885434619682}
  m_RootOrder: 0
  m_LocalEulerAnglesHint: {x: 0, y: 0, z: 0}
--- !u!4 &4968449946760412
Transform:
  m_ObjectHideFlags: 1
  m_PrefabParentObject: {fileID: 0}
  m_PrefabInternal: {fileID: 100100000}
  m_GameObject: {fileID: 1233763290986582}
  m_LocalRotation: {x: -1.4680965e-14, y: -0.000000029802326, z: -0.0000004991889,
    w: 1}
  m_LocalPosition: {x: 0.000000076293944, y: -0.000000038146972, z: -0.00000030517577}
  m_LocalScale: {x: 0.99999994, y: 1, z: 1}
  m_Children:
  - {fileID: 4464595707886000}
  - {fileID: 4944577708888864}
  - {fileID: 4773481355486440}
  - {fileID: 4124178487819602}
  - {fileID: 4378198655448138}
  - {fileID: 4665846508860204}
  m_Father: {fileID: 4137054031638254}
  m_RootOrder: 0
  m_LocalEulerAnglesHint: {x: 0, y: 0, z: 0}
--- !u!4 &4975438110918658
Transform:
  m_ObjectHideFlags: 1
  m_PrefabParentObject: {fileID: 0}
  m_PrefabInternal: {fileID: 100100000}
  m_GameObject: {fileID: 1224912407790350}
  m_LocalRotation: {x: 0.3279805, y: -0.07009457, z: 0.121370256, w: 0.93422955}
  m_LocalPosition: {x: -0.27139038, y: 0.01071846, z: 0.014186095}
  m_LocalScale: {x: 0.99999994, y: 0.99999964, z: 1.0000001}
  m_Children:
  - {fileID: 4745030619768744}
  - {fileID: 4246653858701662}
  - {fileID: 4541715529990368}
  m_Father: {fileID: 4611523912767156}
  m_RootOrder: 0
  m_LocalEulerAnglesHint: {x: 0, y: 0, z: 0}
--- !u!4 &4986337781560714
Transform:
  m_ObjectHideFlags: 1
  m_PrefabParentObject: {fileID: 0}
  m_PrefabInternal: {fileID: 100100000}
  m_GameObject: {fileID: 1947886294778660}
  m_LocalRotation: {x: 0.0000000022959765, y: -0.09766385, z: -0.000000014747425,
    w: 0.99521947}
  m_LocalPosition: {x: 0.06344772, y: 0.000000038146972, z: -0.00000045776366}
  m_LocalScale: {x: 1.0000004, y: 0.99999994, z: 0.9999994}
  m_Children: []
  m_Father: {fileID: 4682418276093716}
  m_RootOrder: 0
  m_LocalEulerAnglesHint: {x: 0, y: 0, z: 0}
--- !u!4 &4993808177054234
Transform:
  m_ObjectHideFlags: 1
  m_PrefabParentObject: {fileID: 0}
  m_PrefabInternal: {fileID: 100100000}
  m_GameObject: {fileID: 1606326196699022}
  m_LocalRotation: {x: -0.0000006370097, y: 0.0000002397057, z: 0.46151373, w: 0.88713306}
  m_LocalPosition: {x: 0.27902186, y: 0.007985725, z: 0.00000045776366}
  m_LocalScale: {x: 0.99999976, y: 1.0000012, z: 1}
  m_Children:
  - {fileID: 4437654264484700}
  m_Father: {fileID: 4117729495833924}
  m_RootOrder: 0
  m_LocalEulerAnglesHint: {x: 0, y: 0, z: 0}
--- !u!4 &4995093978927718
Transform:
  m_ObjectHideFlags: 1
  m_PrefabParentObject: {fileID: 0}
  m_PrefabInternal: {fileID: 100100000}
  m_GameObject: {fileID: 1283021917831490}
  m_LocalRotation: {x: 0.3650559, y: 0.44583583, z: 0.30216703, w: 0.7593811}
  m_LocalPosition: {x: 0.051176757, y: 0.09216682, z: 0.04988429}
  m_LocalScale: {x: 1.0000002, y: 1.0000004, z: 0.99999964}
  m_Children:
  - {fileID: 4117729495833924}
  m_Father: {fileID: 4690044061937404}
  m_RootOrder: 2
  m_LocalEulerAnglesHint: {x: 0, y: 0, z: 0}
--- !u!65 &65198737889190338
BoxCollider:
  m_ObjectHideFlags: 1
  m_PrefabParentObject: {fileID: 0}
  m_PrefabInternal: {fileID: 100100000}
  m_GameObject: {fileID: 1436704756353718}
  m_Material: {fileID: 0}
  m_IsTrigger: 1
  m_Enabled: 1
  serializedVersion: 2
  m_Size: {x: 1, y: 1, z: 1}
  m_Center: {x: 0, y: 0, z: 0}
--- !u!65 &65970610679091400
BoxCollider:
  m_ObjectHideFlags: 1
  m_PrefabParentObject: {fileID: 0}
  m_PrefabInternal: {fileID: 100100000}
  m_GameObject: {fileID: 1618167842801480}
  m_Material: {fileID: 0}
  m_IsTrigger: 0
  m_Enabled: 1
  serializedVersion: 2
  m_Size: {x: 1.8301392, y: 3.8529816, z: 1.447937}
  m_Center: {x: -0.067970276, y: 1.9228051, z: 0.0082473755}
--- !u!95 &95658218177378308
Animator:
  serializedVersion: 3
  m_ObjectHideFlags: 1
  m_PrefabParentObject: {fileID: 0}
  m_PrefabInternal: {fileID: 100100000}
  m_GameObject: {fileID: 1618167842801480}
  m_Enabled: 1
  m_Avatar: {fileID: 9000000, guid: 60ef83fa03588654099435ca14db3b9b, type: 3}
  m_Controller: {fileID: 9100000, guid: f6f07c1b06ba48e4b9648320c7b71975, type: 2}
  m_CullingMode: 0
  m_UpdateMode: 0
  m_ApplyRootMotion: 0
  m_LinearVelocityBlending: 0
  m_WarningMessage: 
  m_HasTransformHierarchy: 1
  m_AllowConstantClipSamplingOptimization: 1
  m_KeepAnimatorControllerStateOnDisable: 0
--- !u!114 &114262640481923118
MonoBehaviour:
  m_ObjectHideFlags: 1
  m_PrefabParentObject: {fileID: 0}
  m_PrefabInternal: {fileID: 100100000}
  m_GameObject: {fileID: 1436704756353718}
  m_Enabled: 1
  m_EditorHideFlags: 0
  m_Script: {fileID: 11500000, guid: a3ba5662508d04b41832cf1af10353d2, type: 3}
  m_Name: 
  m_EditorClassIdentifier: 
  sangreJugador: {fileID: 1519250333119322, guid: 4795e3bd489858c4bb08a9b8f6fda903,
    type: 2}
  "cantidadDa\xF1o": 14
  evento: 0
--- !u!114 &114491541270954260
MonoBehaviour:
  m_ObjectHideFlags: 1
  m_PrefabParentObject: {fileID: 0}
  m_PrefabInternal: {fileID: 100100000}
  m_GameObject: {fileID: 1618167842801480}
  m_Enabled: 1
  m_EditorHideFlags: 0
  m_Script: {fileID: 11500000, guid: 551feca9df7deb1498dad3e301b37c45, type: 3}
  m_Name: 
  m_EditorClassIdentifier: 
  esJefe: 0
  estadoJuego: {fileID: 0}
  salud: 10
  saludReal: 0
  velocidad: 10
  objetosPosibles: []
  explo: {fileID: 1519250333119322, guid: 4795e3bd489858c4bb08a9b8f6fda903, type: 2}
  deadZombie: {fileID: 0}
  "da\xF1oMano": {fileID: 1436704756353718}
--- !u!137 &137230242761767394
SkinnedMeshRenderer:
  m_ObjectHideFlags: 1
  m_PrefabParentObject: {fileID: 0}
  m_PrefabInternal: {fileID: 100100000}
  m_GameObject: {fileID: 1004746910193602}
  m_Enabled: 1
  m_CastShadows: 1
  m_ReceiveShadows: 1
  m_DynamicOccludee: 1
  m_MotionVectors: 1
  m_LightProbeUsage: 1
  m_ReflectionProbeUsage: 1
  m_RenderingLayerMask: 4294967295
  m_Materials:
  - {fileID: 2100000, guid: 025dc77585c9fa643a3d1460cac5624d, type: 2}
  - {fileID: 2100002, guid: 60ef83fa03588654099435ca14db3b9b, type: 3}
  m_StaticBatchInfo:
    firstSubMesh: 0
    subMeshCount: 0
  m_StaticBatchRoot: {fileID: 0}
  m_ProbeAnchor: {fileID: 0}
  m_LightProbeVolumeOverride: {fileID: 0}
  m_ScaleInLightmap: 1
  m_PreserveUVs: 0
  m_IgnoreNormalsForChartDetection: 0
  m_ImportantGI: 0
  m_StitchLightmapSeams: 0
  m_SelectedEditorRenderState: 3
  m_MinimumChartSize: 4
  m_AutoUVMaxDistance: 0.5
  m_AutoUVMaxAngle: 89
  m_LightmapParameters: {fileID: 0}
  m_SortingLayerID: 0
  m_SortingLayer: 0
  m_SortingOrder: 0
  serializedVersion: 2
  m_Quality: 0
  m_UpdateWhenOffscreen: 0
  m_SkinnedMotionVectors: 1
  m_Mesh: {fileID: 4300000, guid: 60ef83fa03588654099435ca14db3b9b, type: 3}
  m_Bones:
  - {fileID: 4038020927744444}
  - {fileID: 4919457824489534}
  - {fileID: 4124873560512736}
  - {fileID: 4255876457262074}
  - {fileID: 4056300685962938}
  - {fileID: 4510509838621056}
  - {fileID: 4491997357017166}
  - {fileID: 4103885434619682}
  - {fileID: 4966914013682034}
  - {fileID: 4720074766595484}
  - {fileID: 4039415329245346}
  - {fileID: 4433340381373538}
  - {fileID: 4690044061937404}
  - {fileID: 4611523912767156}
  - {fileID: 4975438110918658}
  - {fileID: 4745030619768744}
  - {fileID: 4968449946760412}
  - {fileID: 4464595707886000}
  - {fileID: 4753392256951778}
  - {fileID: 4390604356285370}
  - {fileID: 4567885139533772}
  - {fileID: 4944577708888864}
  - {fileID: 4532217699742724}
  - {fileID: 4021210202873862}
  - {fileID: 4146509381346256}
  - {fileID: 4773481355486440}
  - {fileID: 4128558809328526}
  - {fileID: 4629793052389500}
  - {fileID: 4312132653548082}
  - {fileID: 4124178487819602}
  - {fileID: 4481646632180062}
  - {fileID: 4491896399605552}
  - {fileID: 4378198655448138}
  - {fileID: 4856656787397354}
  - {fileID: 4544269212768536}
  - {fileID: 4246653858701662}
  - {fileID: 4541715529990368}
  - {fileID: 4755053652612838}
  - {fileID: 4961663435760240}
  - {fileID: 4831789444230564}
  - {fileID: 4220468641788020}
  - {fileID: 4995093978927718}
  - {fileID: 4117729495833924}
  - {fileID: 4993808177054234}
  - {fileID: 4681480788762778}
  - {fileID: 4950701714058762}
  - {fileID: 4734574862919586}
  - {fileID: 4022574915780078}
  - {fileID: 4136776398432494}
  - {fileID: 4670960210848516}
  - {fileID: 4100953716071922}
  - {fileID: 4682418276093716}
  - {fileID: 4986337781560714}
  - {fileID: 4261232284254816}
  - {fileID: 4404840649222792}
  - {fileID: 4831014708434148}
  - {fileID: 4641269772448728}
  - {fileID: 4871485252850818}
  - {fileID: 4812688366627074}
  - {fileID: 4456801903184452}
  - {fileID: 4897218857909142}
  - {fileID: 4422614956287554}
  - {fileID: 4925599660760664}
  - {fileID: 4505763553182280}
  - {fileID: 4438425706141850}
  m_BlendShapeWeights: []
  m_RootBone: {fileID: 4038020927744444}
  m_AABB:
    m_Center: {x: 0.0047192276, y: -0.08032757, z: 0.017885387}
    m_Extent: {x: 0.7160847, y: 1.1049218, z: 1.1243978}
  m_DirtyAABB: 0
--- !u!195 &195991007162667716
NavMeshAgent:
  m_ObjectHideFlags: 1
  m_PrefabParentObject: {fileID: 0}
  m_PrefabInternal: {fileID: 100100000}
  m_GameObject: {fileID: 1618167842801480}
  m_Enabled: 1
  m_AgentTypeID: 0
  m_Radius: 1.38
  m_Speed: 5
  m_Acceleration: 8
  avoidancePriority: 50
  m_AngularSpeed: 120
  m_StoppingDistance: 0
  m_AutoTraverseOffMeshLink: 1
  m_AutoBraking: 1
  m_AutoRepath: 1
  m_Height: 3.66
  m_BaseOffset: 0
  m_WalkableMask: 4294967295
  m_ObstacleAvoidanceType: 4
