%YAML 1.1
%TAG !u! tag:unity3d.com,2011:
--- !u!1001 &100100000
Prefab:
  m_ObjectHideFlags: 1
  serializedVersion: 2
  m_Modification:
    m_TransformParent: {fileID: 0}
    m_Modifications: []
    m_RemovedComponents: []
  m_ParentPrefab: {fileID: 0}
  m_RootGameObject: {fileID: 1137426342531324}
  m_IsPrefabParent: 1
--- !u!1 &1137426342531324
GameObject:
  m_ObjectHideFlags: 0
  m_PrefabParentObject: {fileID: 0}
  m_PrefabInternal: {fileID: 100100000}
  serializedVersion: 5
  m_Component:
  - component: {fileID: 4057830388670942}
  - component: {fileID: 33954362770508842}
  - component: {fileID: 23616459107983386}
  - component: {fileID: 95251491293149002}
  - component: {fileID: 65679634021127012}
  m_Layer: 0
  m_Name: Parlament
  m_TagString: Untagged
  m_Icon: {fileID: 0}
  m_NavMeshLayer: 0
  m_StaticEditorFlags: 0
  m_IsActive: 1
--- !u!4 &4057830388670942
Transform:
  m_ObjectHideFlags: 1
  m_PrefabParentObject: {fileID: 0}
  m_PrefabInternal: {fileID: 100100000}
  m_GameObject: {fileID: 1137426342531324}
  m_LocalRotation: {x: -0, y: -0.7071068, z: -0, w: 0.7071068}
  m_LocalPosition: {x: 118.378, y: 44.634216, z: 47.273712}
  m_LocalScale: {x: 8.418777, y: 9.13518, z: 8.418777}
  m_Children: []
  m_Father: {fileID: 0}
  m_RootOrder: 0
  m_LocalEulerAnglesHint: {x: 0, y: -90, z: 0}
--- !u!23 &23616459107983386
MeshRenderer:
  m_ObjectHideFlags: 1
  m_PrefabParentObject: {fileID: 0}
  m_PrefabInternal: {fileID: 100100000}
  m_GameObject: {fileID: 1137426342531324}
  m_Enabled: 1
  m_CastShadows: 1
  m_ReceiveShadows: 1
  m_MotionVectors: 1
  m_LightProbeUsage: 1
  m_ReflectionProbeUsage: 1
  m_Materials:
  - {fileID: 2100000, guid: d14afe0b179d2f24e95e6dbc3d596886, type: 2}
  - {fileID: 2100000, guid: 4fe229b2d25565748a911830ab166af6, type: 2}
  - {fileID: 2100000, guid: 1b0ce0752c4f1b7489672f132b35a2ed, type: 2}
  - {fileID: 2100000, guid: f753a95fa3d5c7b4a928e262bef41036, type: 2}
  - {fileID: 2100000, guid: 6149970bab001f3429b5773075400d94, type: 2}
  - {fileID: 2100000, guid: 327f45092c16f2d4e9f498d1b5c84175, type: 2}
  - {fileID: 2100000, guid: b98f13efd1d879842a65822156ef53fd, type: 2}
  - {fileID: 2100000, guid: a941546ed3509a5418833dc559e9e3a5, type: 2}
  m_StaticBatchInfo:
    firstSubMesh: 0
    subMeshCount: 0
  m_StaticBatchRoot: {fileID: 0}
  m_ProbeAnchor: {fileID: 0}
  m_LightProbeVolumeOverride: {fileID: 0}
  m_ScaleInLightmap: 1
  m_PreserveUVs: 0
  m_IgnoreNormalsForChartDetection: 0
  m_ImportantGI: 0
  m_SelectedEditorRenderState: 3
  m_MinimumChartSize: 4
  m_AutoUVMaxDistance: 0.5
  m_AutoUVMaxAngle: 89
  m_LightmapParameters: {fileID: 0}
  m_SortingLayerID: 0
  m_SortingLayer: 0
  m_SortingOrder: 0
--- !u!33 &33954362770508842
MeshFilter:
  m_ObjectHideFlags: 1
  m_PrefabParentObject: {fileID: 0}
  m_PrefabInternal: {fileID: 100100000}
  m_GameObject: {fileID: 1137426342531324}
  m_Mesh: {fileID: 4300000, guid: fc120e873e49bd34a96e2f582283318a, type: 3}
--- !u!65 &65679634021127012
BoxCollider:
  m_ObjectHideFlags: 1
  m_PrefabParentObject: {fileID: 0}
  m_PrefabInternal: {fileID: 100100000}
  m_GameObject: {fileID: 1137426342531324}
  m_Material: {fileID: 0}
  m_IsTrigger: 0
  m_Enabled: 1
  serializedVersion: 2
  m_Size: {x: 9.095395, y: 1.7218443, z: 9.157662}
  m_Center: {x: -2.1575003, y: 0.8609222, z: 2.1992455}
--- !u!95 &95251491293149002
Animator:
  serializedVersion: 3
  m_ObjectHideFlags: 1
  m_PrefabParentObject: {fileID: 0}
  m_PrefabInternal: {fileID: 100100000}
  m_GameObject: {fileID: 1137426342531324}
  m_Enabled: 1
  m_Avatar: {fileID: 9000000, guid: fc120e873e49bd34a96e2f582283318a, type: 3}
  m_Controller: {fileID: 0}
  m_CullingMode: 0
  m_UpdateMode: 0
  m_ApplyRootMotion: 0
  m_LinearVelocityBlending: 0
  m_WarningMessage: 
  m_HasTransformHierarchy: 1
  m_AllowConstantClipSamplingOptimization: 1
